2984 4875
1461 402 1889 463 ...22-

586 572 767 636 cives
827 577 1008 633 erunt
1051 566 1426 651 suffragium
1470 568 1681 634 ferant
1725 569 1947 652 eisque
1992 570 2060 634 in
2105 588 2184 635 ea
2242 571 2421 635 curia
2465 570 2762 654 suffragii

597 656 751 722 latio
791 650 990 719 esto“.
1026 687 1108 697 —
1138 652 1292 718 inde
1336 659 1573 737 autem,
1621 654 1793 737 quod
1823 673 2091 719 munera
2121 661 2185 720 et
2215 674 2555 739 personam
2587 657 2761 723 inco-

594 742 799 805 larum
859 739 1139 804 omnium
1197 740 1509 804 sustinent
1568 741 1762 805 etiam
1818 740 2172 805 incolentes
2229 740 2408 806 cives
2462 742 2571 823 R.,
2630 761 2765 808 non

590 826 876 909 sequitur
908 823 1083 890 cives
1115 823 1189 887 Β.
1223 825 1605 890 commixtos
1637 824 1836 891 fuisse
1866 844 2011 890 cum
2044 825 2275 891 ceteris
2305 826 2567 909 incolis;
2617 826 2758 909 sed,

588 917 659 976 ut
702 912 768 974 in
799 909 1063 974 urbibus
1095 907 1381 990 GraeciS‚
1429 910 1524 975 sic
1553 909 1620 974 in
1652 909 1898 976 Latinis
1928 911 2043 976 vix
2075 910 2360 993 dubium,
2394 912 2557 993 quin
2580 912 2760 977 cives

589 998 663 1061 Β.
709 995 962 1060 incolae
993 1014 1033 1059 a
1064 994 1294 1060 ceteris
1327 995 1557 1061 incolis
1591 995 1827 1060 fuerint
1856 995 2158 1062 distincti.
2192 1031 2271 1040 —
2306 997 2503 1061 Korn.
2537 999 2623 1079 (p.
2651 998 2759 1070 23)

588 1085 784 1163 negat
828 1085 1179 1147 conventus
1225 1080 1292 1143 in
1349 1079 1605 1162 oppidis
1651 1080 1723 1144 L.
1772 1080 1968 1146 fuisse
2012 1100 2155 1146 cum
2199 1081 2346 1147 aliis
2403 1081 2486 1147 de
2546 1084 2760 1148 causis

588 1172 722 1231 tum
765 1173 1109 1248 propterea
1155 1164 1325 1246 quod
1374 1165 1580 1247 „mira
1623 1160 1828 1231 ratio“
1873 1166 2066 1230 fuerit
2093 1167 2256 1231 inter
2287 1167 2461 1232 cives
2504 1167 2577 1231 Β.
2612 1187 2757 1234 con-

588 1251 886 1317 sistentes
933 1255 997 1316 et
1026 1250 1290 1316 Latinos
1336 1251 1600 1316 civitate
1646 1250 1917 1317 donatos
1964 1256 2027 1316 et
2055 1251 2319 1317 Latinos
2368 1252 2562 1332 cives,
2610 1272 2758 1318 cum

587 1337 801 1401 Latini
827 1336 1088 1401 civitate
1112 1334 1335 1400 donati
1364 1341 1476 1400 aut
1507 1341 1692 1402 extra
1723 1343 2106 1401 conventum
2137 1355 2396 1401 manere
2425 1343 2535 1402 aut
2565 1337 2757 1402 simul

587 1421 931 1487 conventui
991 1420 1271 1486 adscribi
1331 1420 1524 1486 simul
1579 1440 1837 1486 manere
1896 1422 2073 1488 cives
2124 1421 2338 1486 Latini
2396 1421 2754 1487 debuerint.

586 1514 654 1571 at
713 1507 767 1572 si
827 1506 1021 1570 Korn.
1080 1503 1353 1570 vidisset
1405 1512 1791 1572 conventum
1837 1505 1909 1574 O.
1933 1507 2006 1571 Β.
2056 1525 2196 1572 esse
2246 1526 2382 1573 rem
2426 1507 2757 1590 publicam

587 1613 631 1657 a
674 1590 924 1657 civibus
958 1591 1030 1655 Β.
1079 1590 1508 1657 incolentibus
1546 1591 1974 1674 constitutam,
2021 1592 2447 1659 intellexisset
2486 1592 2756 1658 Latinos

590 1676 854 1743 civitate
900 1675 1193 1758 donatoS,
1241 1695 1384 1740 cum
1418 1677 1595 1742 cives
1627 1676 1842 1741 Latini
1871 1677 2062 1742 simul
2094 1682 2326 1757 essent,
2373 1677 2441 1742 id
2487 1683 2585 1743 est
2626 1697 2760 1744 non

590 1763 967 1842 incolerent,
1014 1780 1142 1824 non
1186 1760 1270 1824 ad
1304 1767 1688 1827 conventum
1720 1763 2092 1828 accessisse.
2168 1761 2286 1827 sed
2321 1762 2440 1827 Ko.
2476 1781 2755 1828 conven-

588 1853 689 1912 tus
733 1846 1032 1912 constitui
1076 1850 1260 1927 putat
1303 1845 1389 1911 ad
1435 1847 1782 1929 privilegia
1826 1846 2260 1913 defendenda.
2336 1848 2575 1913 vellem
2620 1868 2756 1914 me·

587 1932 881 1997 minisset
921 1936 1272 1996 conventus
1304 1932 1589 2013 vicanos,
1622 1952 1768 1996 cum
1796 1952 1923 1997 non
1954 1933 2021 1996 in
2053 1933 2208 1998 urbe
2238 1932 2566 2015 peregrini
2595 1933 2754 1999 iuris

588 2017 901 2097 incolant,
961 2013 1030 2080 id
1076 2023 1173 2081 est
1216 2036 1344 2081 non
1389 2024 1653 2099 propter
1703 2016 2053 2101 privilegia
2097 2018 2380 2084 civitatis
2422 2018 2755 2084 Romanae

584 2122 655 2168 se
701 2122 742 2167 a
783 2101 1140 2185 peregrinis
1173 2100 1568 2183 distinguere
1598 2103 1939 2184 potuerint,
1986 2122 2113 2167 non
2157 2103 2366 2169 minus
2396 2110 2461 2169 et
2489 2123 2561 2169 re
2593 2111 2753 2169 vera

585 2188 792 2269 magis
838 2206 1031 2268 quam
1077 2186 1244 2251 intra
1291 2187 1618 2252 civitatem
1668 2188 1778 2269 qui
1823 2192 1970 2252 sunt
2012 2194 2363 2254 conventus
2409 2206 2571 2254 esse.

756 2273 887 2336 iam
960 2270 1046 2336 ad
1120 2276 1572 2337 conventus
1646 2273 2032 2339 civitatis
2107 2274 2339 2355 quasi
2405 2273 2752 2339 munici-

584 2357 795 2441 palis
845 2356 1274 2441 (imprimis
1305 2355 1693 2434 Graecae)
1736 2364 2152 2423 transeamus.
2188 2394 2265 2403 -—-
2299 2357 2753 2424 Massiliam

576 2443 765 2509 tertio
810 2464 872 2526 p.
907 2441 1023 2507 Ch.
1082 2443 1340 2509 saeculo
1400 2462 1442 2506 a
1496 2441 1852 2509 duumviris
1925 2449 2165 2509 rectam
2236 2444 2435 2509 fuisse
2481 2464 2517 2509 e
2565 2445 2752 2511 titulo

582 2528 928 2594 Nicaeensi
975 2527 1074 2605 (V,
1110 2530 1300 2603 7914)
1347 2529 1733 2611 perspicitur
1777 2529 1843 2592 in
1875 2548 2000 2610 quo
2047 2529 2154 2611 „11
2195 2530 2293 2593 vir
2332 2526 2753 2608 Massil(iae)“

581 2615 922 2679 invenitur.
1011 2611 1203 2694 (conf.
1251 2611 1758 2679 Hirschfeldium
1799 2614 1864 2678 in
1912 2613 2183 2695 „studiis
2225 2609 2538 2680 Gallicis“
2583 2633 2752 2697 quae

579 2705 727 2766 sunt
790 2700 855 2763 in
899 2699 1318 2764 relationibus
1365 2699 1743 2765 academiae
1803 2697 2166 2764 Vindobon.
2261 2700 2421 2763 1883
2465 2719 2528 2782 p.
2578 2701 2749 2777 284).

577 2786 707 2851 iam
751 2784 869 2850 sub
901 2784 1116 2849 Marco
1148 2790 1212 2849 et
1242 2784 1410 2849 Vero
1458 2803 1705 2866 „augur
1731 2778 2126 2867 perpetuus“
2172 2784 2237 2848 in
2281 2784 2466 2849 titulo
2523 2785 2750 2852 Massi·

581 2869 771 2935 liensi
817 2889 962 2935 cum
1005 2869 1367 2935 nominetur
1412 2869 1585 2952 (XII,
1620 2873 1765 2941 410)
1811 2871 2121 2935 terminus
2165 2869 2307 2953 ille,
2361 2877 2511 2935 ante
2556 2889 2747 2954 quem

578 2957 731 3021 urbs
791 2953 1044 3020 Graeca
1099 2954 1556 3038 municipalem
1616 2954 1886 3020 formam
1944 2955 2232 3021 induisse
2283 2955 2574 3037 putanda
2629 2961 2745 3036 est,

580 3047 1010 3124 promovetur.
1100 3040 1427 3120 terminus,
1475 3045 1623 3122 post
1660 3059 1856 3127 quem
1895 3039 2187 3106 Massilia
2230 3041 2514 3106 amiserit
2547 3040 2745 3106 Grae-

580 3147 722 3192 cam
764 3145 900 3191 rem
946 3124 1296 3209 publicam,
1343 3130 1440 3189 est
1469 3123 1723 3207 Strabo,
1772 3124 2203 3191 institutorum
2248 3125 2746 3192 Massiliensium

579 3210 877 3276 laudator
920 3211 1096 3294 (pag.
1149 3214 1268 3275 179
1316 3209 1638 3290 Casaub.).
1720 3229 1922 3294 usque
1967 3210 2053 3276 ad
2084 3211 2467 3294 Vespasiani
2513 3230 2747 3276 aevum

576 3316 713 3361 rem
746 3295 1073 3378 publicam
1105 3294 1421 3361 Graecam
1452 3294 1720 3361 durasse
1750 3296 1996 3362 Plinius
2027 3296 2302 3379 probare
2333 3296 2591 3361 videtur
2637 3297 2748 3378 qui

576 3381 930 3446 Massiliam
990 3379 1429 3462 „foederatam
1488 3376 1921 3447 Graecorum“
1977 3381 2136 3447 dicit
2188 3378 2296 3462 (N.
2326 3381 2407 3445 H.
2445 3380 2542 3444 III
2571 3384 2609 3457 ξ
2642 3385 2747 3457 35)

577 3472 642 3532 et
670 3467 801 3547 qui,
847 3471 1127 3531 ceterum
1161 3466 1761 3532 commentariorum
1791 3466 2085 3549 Vipsanii
2116 3467 2448 3550 Agrippae
2489 3486 2743 3532 enarra—

578 3557 696 3633 tor,
743 3557 977 3632 tamen,
1024 3551 1080 3615 si
1124 3556 1327 3616 status
1371 3551 1547 3616 urbis
1579 3552 1850 3618 alicuius
1880 3557 2027 3634 post
2055 3550 2412 3634 Agrippam
2448 3557 2597 3617 ante
2627 3573 2746 3619 sua

582 3640 872 3717 tempora
949 3640 1231 3702 mutatus
1311 3641 1436 3718 est,
1504 3642 1813 3702 mutatum
1878 3643 2111 3701 statum
2195 3656 2493 3702 enarrare
2559 3638 2745 3704 solet.

579 3719 741 3785 haec
784 3720 1110 3803 praemisi,
1156 3728 1226 3785 ut
1257 3741 1423 3803 quae
1453 3728 1605 3786 ante
1636 3722 2106 3803 Vespasianum
2138 3722 2467 3789 Massiliae
2512 3720 2746 3805 depre-

576 3804 939 3871 henduntur
983 3807 1262 3889 vestigia
1306 3807 1598 3873 Romana
1638 3804 1726 3871 ad
1773 3813 2158 3872 conventum
2203 3806 2271 3874 O.
2298 3808 2372 3871 Β.
2420 3807 2746 3888 pertinere

575 3891 830 3956 sciatur.
918 3896 1113 3972 atque
1156 3911 1323 3958 anno
1374 3893 1558 3969 18l19
1605 3896 1749 3975 post
1787 3890 1903 3956 Ch.
1952 3890 2257 3958 dedicant
2300 3892 2553 3958 titulum
2586 3893 2746 3959 Ger-

577 3976 827 4040 manico
860 3973 1123 4041 Caesari
1154 3977 1254 4041 Ti.
1285 3975 1452 4042 filio:
1498 3977 1836 4058 „maqistri
1856 3974 2107 4039 Larum
2137 3971 2427 4061 Au9[usc]
2459 3977 2556 4053 (G.
2590 3977 2744 4063 XII,

576 4061 745 4135 406).
850 4061 1016 4126 infra
1062 4063 1332 4148 exposui
1378 4062 1538 4127 talia
1583 4062 1860 4144 collegia
1903 4062 2351 4145 magistrorum
2400 4063 2742 4146 (imprimis

573 4144 846 4227 Augusti
891 4147 1228 4237 cultorum)
1275 4144 1614 4212 referenda
1658 4146 1866 4212 videri
1922 4147 2009 4213 ad
2054 4167 2187 4213 rem
2250 4167 2498 4214 sacram
2543 4168 2740 4232 nego·

2969 599 2975 638 l
