2984 4875
1411 397 1837 459 -24-

549 581 667 629 sex
713 563 1128 646 pensionibus
1159 564 1401 648 populo
1434 564 1724 630 Romano
1770 564 2110 630 solverent.
2158 598 2240 609 —-
2285 564 2716 666 Appianus

552 644 815 753 (ἒμφυλ.
862 649 926 713 II
956 652 1064 726 95)
1110 649 1304 715 refert
1348 648 1430 715 de
1476 648 1786 716 Caesare·
1831 648 1945 712 καὶ
1989 645 2381 730 πυθόμενος
2425 646 2719 713 Κάτωνα

546 731 668 815 μὲν
713 730 832 818 τὴν
892 729 1342 840 παρασκευὴν
1376 735 1497 798 τοῦ
1554 734 1854 816 πολέμου
1915 734 2110 798 ναυσὶ
2153 735 2266 799 καὶ
2311 731 2532 836 πεζιῦν
2576 759 2717 800 τινι

546 821 738 925 μέρει
783 831 1099 904 φρουρεῖν
1143 816 1351 900 μετὰ
1398 820 1554 884 τῶν
1599 822 2123 927 τριακοσίων
2170 842 2282 895 ους
2331 811 2468 885 άπὸ
2519 822 2717 905 σφῶν

548 900 616 968 ἐκ
659 904 919 969 πολλοῦ
980 902 1236 987 προβοί
1226 903 1398 980 λους
1457 903 1865 1011 ἐπεποίηντο
1922 902 2014 981 (οἱ
2064 896 2372 970 Ἰτυκαῖοι
2440 907 2716 985 scilieet)

544 990 665 1053 τοῦ
694 989 996 1071 πολέμου
1027 990 1138 1054 καὶ
1172 987 1529 1093 σύγκλητον
1563 987 1896 1055 ἐκάλουν..
1979 1024 2061 1035 --
2093 1010 2233 1073 cap.
2270 995 2390 1055 100
2424 989 2717 1069 (Caesar)

537 1065 882 1151 Ἰτυκαίοις
928 1073 999 1139 δὲ
1042 1075 1152 1139 καὶ
1184 1077 1280 1159 τιῖ
1310 1073 1670 1176 Κάτωνος
1677 1074 1804 1160 vird
1846 1078 2355 1182 συνεγίγνωσκε.
2393 1111 2477 1122 -
2521 1077 2715 1141 Plu-

545 1159 874 1227 tarehus
939 1160 1123 1239 (Cato
1182 1162 1388 1227 minor
1436 1163 1571 1237 59).
1641 1151 1778 1242 άμα
1838 1152 1902 1224 δ’
1960 1155 2168 1245 ημέρᾳ
2225 1158 2414 1235 τοὺς
2479 1184 2715 1263 τρια-

542 1248 827 1324 κοσίους,
876 1243 978 1320 οἷς
1023 1242 1251 1329 ἐχρῆτο
1309 1245 1517 1331 βουλη
1539 1248 1578 1323 ¹)
1622 1246 1862 1348 (Cato),
1888 1239 2276 1348 Ῥωμαίους
2330 1245 2452 1328 μὲν
2512 1269 2717 1322 οντας

545 1326 612 1393 ἐν
660 1328 732 1394 δὲ
774 1330 1005 1439 Λιβύῃ
1041 1333 1724 1437 πραγματευομένους
1770 1323 1908 1395 άπὸ
1959 1327 2289 1439 ἐμπορίας
2331 1332 2442 1396 καὶ
2489 1329 2716 1396 δανει-

546 1416 733 1516 σμιῦν
782 1413 878 1491 εἰς
924 1413 1102 1519 ἱερὸν
1148 1412 1318 1491 Διὸς
1366 1412 1432 1479 ἐκ
1479 1439 1678 1518 ρυττε
1718 1419 2015 1481 συνιέναι
2057 1416 2169 1481 καὶ
2214 1408 2366 1482 ο’σοι
2395 1418 2716 1499 παρῆσαν

547 1492 685 1565 άπὸ
737 1499 1097 1585 συγκλήτου
1143 1501 1250 1565 καὶ
1300 1440 1555 1577 παῖῖζας
1603 1494 1821 1566 αὐτῶν
1866 1504 2294 1579 (senatorum).
2382 1508 2713 1601 senatores

544 1585 780 1653 deinde
839 1588 1103 1653 servitia
1165 1588 1649 1671 manumittunt,
1721 1593 2019 1654 recusant
2074 1587 2504 1689 negotiatores
2547 1577 2716 1665 „cive

545 1666 624 1775 δὴ
671 1670 998 1737 πλωτικοὶ
1056 1672 1165 1736 καὶ
1226 1638 1649 1737 δανειστικοὶ
1688 1665 2054 1777 άνθρωποι
2109 1672 2220 1736 καὶ
2265 1668 2339 1737 τὸ
2391 1671 2712 1737 πλεῖστον

543 1725 619 1819 ἕν
671 1769 816 1831 τοῖς
877 1754 1166 1833 οἰκέταις
1222 1758 1340 1858 τῆς
1385 1749 1621 1834 οὐσίας
1665 1754 2041 1838 ε’χοντες.“’)
2090 1794 2174 1804 -
2220 1777 2363 1857 eap3
2394 1760 2506 1822 62:
2554 1781 2588 1821 ο
2639 1755 2712 1821 δὲ

542 1837 783 1904 Κάτων
827 1835 1136 1906 ὑπονοῶν
1179 1841 1298 1928 τὴν
1349 1840 1726 1950 μεταβολὴν
1773 1846 2249 1943 (trecentorum)
2294 1834 2410 1906 οὐκ
2460 1837 2709 1928 ἤλεγχε,

540 1928 637 2010 τῷ
679 1929 910 2028 μέντοι
942 1930 1288 2013 Σκηπίωνι
1330 1927 1439 1991 καὶ
1489 1929 1586 2011 τῷ
1608 1920 1796 2034 Ἰόβᾳ
1829 1925 2117 2012 γράψας,
2166 1919 2549 2007 ἀπέχεσθαι
2592 1929 2710 2013 τῆς

538 1986 796 2112 Ἰτύκης,
845 2004 1134 2098 απιστίᾳ
1170 2014 1304 2077 τῶν
1333 2017 1737 2096 τριακοσίων
1770 2009 2110 2096 ἐξέπεμψε
2136 2009 2291 2088 τοὺς
2319 2035 2709 2097 γραμματο-

540 2093 937 2182 φόρους..
986 2099 1240 2163 interim
1298 2098 1653 2164 adveniunt
1710 2100 1958 2181 equites
2018 2099 2273 2182 profugi
2333 2118 2415 2164 ex
2467 2118 2708 2199 pugna,

542 2182 642 2248 his
687 2183 1012 2249 arcessitis
1057 2183 1217 2250 Cato
1274 2183 1585 2268 oppidum
1613 2191 1924 2285 occupat,
1972 2184 2088 2249 sed
2133 2203 2174 2248 a
2217 2185 2518 2250 trecentis
2564 2203 2710 2266 per-

538 2268 773 2333 territis
820 2276 1256 2334 commovetur
1302 2274 1414 2351 „ut
1459 2270 1715 2335 omnino
1764 2289 1981 2335 eorum
2026 2268 2181 2333 fidei
2225 2288 2294 2334 se
2337 2262 2710 2352 permittat“

538 2354 686 2430 (64)
735 2354 863 2418 iam
897 2373 1039 2419 cum
1070 2352 1308 2420 Caesar
1338 2355 1831 2457 appropinquet,
1882 2353 2141 2419 dimittit
2173 2360 2522 2435 senatores,
2570 2373 2703 2418 mo·

536 2445 646 2504 net
676 2438 1014 2507 Uticenses
1060 2459 1140 2506 ne
1173 2439 1469 2507 Caesaris
1516 2441 1679 2505 iram
1710 2441 2022 2506 adversus
2052 2445 2368 2505 trecentos
2398 2445 2699 2522 augeant,

538 2523 679 2606 ipse
726 2525 810 2589 ad
854 2532 1126 2590 mortem
1169 2533 1493 2609 properat.
1523 2562 1606 2572 -
1639 2532 1932 2591 auctores
1975 2525 2288 2608 imprimis
2335 2525 2521 2602 (alias
2567 2524 2700 2590 dis-

490 2638 495 2643 ·
537 2610 897 2693 crepantias
942 2630 1067 2676 non
1113 2612 1286 2687 curo)
1335 2611 1416 2676 de
1462 2606 1847 2693 ‚,trecentis“
1894 2610 2022 2675 illis
2069 2608 2407 2676 dissentire
2476 2609 2701 2675 viden-

538 2700 654 2758 tur.
745 2696 991 2761 auctori
1038 2695 1108 2759 B.
1136 2696 1213 2760 A.
1261 2696 1451 2761 electi
1498 2701 1643 2761 sunt
1675 2716 1710 2761 e
1755 2695 2262 2778 negotiatoribus
2306 2695 2536 2762 Uticae
2589 2695 2699 2760 de-

536 2778 852 2878 gentibus.
956 2779 1080 2846 hoc
1138 2781 1259 2846 etsi
1317 2800 1445 2845 non
1504 2781 1643 2863 ipse
1701 2781 1858 2846 dicit
1917 2780 2125 2845 elucet
2168 2787 2381 2846 tamen
2438 2800 2522 2845 ex
2567 2779 2700 2846 his.

534 2864 808 2946 primum
854 2866 1150 2949 pecunia,
1198 2885 1327 2948 qua
1371 2866 1673 2948 imposita
1720 2872 2069 2932 conventus
2109 2884 2350 2948 poenas
2396 2864 2534 2946 luit,
2583 2866 2699 2930 im·

535 2951 791 3031 ponitur
834 2956 1092 3032 petente
1123 2955 1441 3016 conventu
1472 2950 1774 3016 trecentis
1807 2955 1970 3033 (cap.
1999 2952 2124 3031 90),
2174 2948 2411 3015 deinde
2447 2914 2534 3015 ad,
2565 2951 2698 3015 bel-

535 3035 666 3098 lum
712 3036 1050 3118 pecuniam
1097 3036 1387 3101 conferre
1446 3036 1655 3101 solent
1710 3035 2140 3119 provinciales
2188 3036 2362 3101 cives
2407 3035 2516 3116 R.;
2576 3033 2700 3101 hoc

533 3138 661 3183 non
689 3119 963 3201 quadrat
985 3120 1071 3185 ad
1090 3127 1415 3186 senatores
1442 3141 1585 3186 cum
1603 3121 2013 3203 Pompeianis
2039 3120 2348 3185 ducibus
2332 3140 2396 3184 m
2410 3084 2697 3186 Africam

534 3203 875 3287 profectos.
965 3206 1021 3270 si
1079 3212 1301 3271 auctor
1346 3205 1418 3270 Β.
1443 3207 1521 3270 A.
1570 3205 1972 3288 distinguit,
1981 3206 2175 3281 ,cives
2220 3205 2543 3270 Romanos
2588 3224 2697 3269 ne·

532 3289 880 3389 gotiatores
927 3295 1002 3355 et
1043 3310 1155 3356 eos
1186 3291 1295 3372 qui
1328 3291 1491 3356 inter
1524 3289 1682 3357 CCC
1712 3291 2021 3375 pecunias
2054 3287 2492 3355 contulerant“
2540 3289 2697 3354 talia

533 3374 791 3456 saepius
837 3375 1245 3440 inveniuntur
1289 3376 1605 3453 (conferas
1637 3312 1846 3442 Vepllei
1876 3375 1958 3458 ΙΙ,
2009 3379 2162 3454 11ος
2208 3375 2535 3441 Ciceronis
2577 3394 2696 3459 pro

534 3458 806 3524 Fonteio
851 3460 1131 3543 „referta
1161 3460 1379 3526 Gallia,
1407 3462 1877 3544 negotiatorum
1909 3425 2025 3541 e²st,
2071 3462 2266 3544 plena
2303 3460 2540 3526 civium
2570 3461 2693 3526 Ro-

709 3680 756 3741 1)
805 3679 896 3730 63:
944 3669 1298 3748 ἀπεκρίνατο
1343 3673 1770 3760 βουλεύσεσθαι
1813 3672 1962 3745 μετὰ
2006 3681 2123 3732 τῶν
2168 3677 2537 3758 τριακοσίων.

532 3748 583 3808 2)
621 3743 766 3798 Plut.
794 3744 926 3798 dicit
951 3743 1210 3800 Catonem
1248 3761 1358 3800 non
1382 3746 1565 3814 ipsum
1589 3751 1864 3799 auctorem
1900 3745 2069 3800 fuisse
2105 3746 2212 3800 illis
2249 3745 2470 3799 servitia.
2505 3760 2693 3800 manu-

529 3811 779 3866 mittendi
816 3813 912 3866 sed
948 3813 1199 3868 suadenti
1233 3813 1325 3868 alii
1360 3814 1497 3867 illud
1532 3814 1912 3895 adstipulasse.
1967 3829 2027 3868 re
2061 3829 2185 3867 vera
2231 3814 2289 3868 id
2323 3812 2465 3881 quod
2502 3820 2696 3869 auctor

530 3880 582 3934 b.
612 3880 732 3936 Afr.
767 3881 936 3934 tradit
972 3881 1063 3946 (cf.
1096 3897 1160 3936 ca
1203 3886 1330 3946 .36)
1369 3881 1630 3936 Catonem
1666 3880 1904 3963 coegisse
1928 3881 2051 3937 illos
2089 3897 2273 3937 servos
2318 3882 2696 3937 manumittere

529 3952 668 4017 (cap.
711 3953 796 4015 88)
843 3950 1007 4003 etiam
1052 3951 1110 4005 in
1192 3950 1425 4004 lutarchi
1474 3950 1626 4004 fonte
1671 3949 1799 4016 fuit,
1848 3965 1975 4004 nam
2020 3951 2176 4005 Plut.
2211 3951 2330 4020 ipse
2377 3965 2485 4004 non
2534 3953 2697 4018 negat

531 4015 791 4071 Catonem
828 4018 1171 4073 vehementer
1218 4026 1534 4072 recusantes
1570 4020 1901 4086 increpasse.
1973 4020 2068 4073 sed
2105 4019 2468 4074 condonemus
2517 4019 2693 4087 philo-

529 4085 716 4207 (sltlffihto²
741 4086 996 4207 Catopem
1034 4090 1167 4161 περὶ
1204 4091 1309 4143 τοῦ
1333 4087 1584 4155 νομίμου
1606 4090 1704 4142 καὶ
1726 4089 1949 4143 δικαίου
1974 4091 2116 4157 (cap.
2145 4091 2228 4150 60)
2253 4087 2693 4142 manumissionis

641 4170 660 4207 1
719 4159 861 4208 ntem
