2984 4875
1455 366 1882 430 ...18-

597 535 788 600 duci
853 554 1046 617 posse
1106 553 1141 600 e
1209 542 1561 616 conventu,
1630 555 1775 600 cum
1843 554 1969 599 non
2039 535 2247 600 solum
2306 553 2342 599 e
2400 532 2766 617 municipio

597 620 759 687 C.R.
807 619 924 686 sed
969 619 1165 685 etiam
1214 638 1296 684 ex
1341 620 1499 685 urbe
1531 619 1782 685 Graeca
1826 618 1980 685 inde
2023 619 2106 684 ab
2138 620 2432 701 Augusto
2474 619 2771 703 potuerit

599 705 781 788 origo
829 704 977 770 duci
1023 704 1185 770 civis
1248 705 1542 769 Romani.
1629 710 1697 770 at
1740 705 1962 787 nequit
2018 724 2072 770 e.
2130 724 2191 787 g.
2238 704 2593 770 Trallensis
2648 722 2766 770 res

597 791 860 874 publica
905 790 1265 874 comparari
1311 809 1455 855 cum
1504 796 1849 872 conventu,
1913 809 2057 855 cum
2116 808 2200 855 ex
2242 790 2516 871 Augusti
2561 789 2762 853 inter-

595 875 955 958 pretatione
1003 877 1086 950 (v.
1118 875 1609 940 Mommsenium
1655 876 1721 939 in
1765 875 2043 940 Hermae
2076 875 2201 940 vol.
2239 873 2431 938 XIX:
2478 873 2561 939 de
2607 892 2761 939 con-

596 961 970 1044 scriptione)
1003 959 1256 1026 Graeca
1298 959 1528 1025 civitas
1575 960 1758 1042 quasi
1803 959 2222 1043 municipium
2254 960 2356 1041 sit,
2403 965 2763 1025 conventus

598 1052 837 1126 contra,
891 1044 1044 1111 licet
1092 1046 1335 1126 „instar
1365 1040 1743 1128 municipii“
1790 1046 1996 1111 soleat
2042 1063 2203 1126 esse,
2249 1042 2320 1108 id
2365 1051 2463 1110 est
2490 1062 2762 1109 numero

594 1130 830 1197 civium
877 1131 1008 1196 vici
1052 1130 1151 1195 sui
1197 1130 1644 1213 amplitudine,
1690 1149 1945 1213 semper
1989 1129 2058 1194 id
2101 1135 2334 1212 servat,
2380 1134 2449 1193 ut
2479 1130 2563 1196 sit
2606 1147 2759 1212 pro

592 1216 965 1299 municipio,
1022 1216 1091 1281 id
1137 1220 1234 1281 est
1279 1220 1497 1280 eareat
1539 1216 1680 1279 iure
1738 1216 2133 1298 municipali.
2225 1214 2479 1280 Tralles
2537 1220 2762 1279 autem

597 1301 975 1384 habebatur,
1024 1301 1080 1367 si
1124 1301 1278 1366 licet
1322 1298 1445 1366 hoc
1490 1300 1811 1365 vocabulo
1855 1300 1983 1383 uti,
2028 1319 2147 1383 pro
2192 1299 2547 1383 municipio
2579 1297 2650 1364 C.
2676 1299 2757 1364 R.

594 1386 865 1453 Graeco.
957 1405 1039 1451 ne
1086 1405 1121 1451 e
1166 1386 1398 1450 vicano
1432 1385 1694 1466 quidem
1731 1393 2049 1452 conventu
2096 1386 2277 1467 origo
2324 1384 2471 1450 duci
2516 1389 2756 1469 potest.

597 1471 750 1537 licet
793 1472 989 1553 longe
1035 1471 1437 1552 superaverit
1482 1478 1834 1537 conventus
1882 1471 2030 1537 talis
2076 1470 2248 1536 haud
2294 1489 2504 1554 pauca
2549 1470 2757 1534 muni-

591 1555 794 1641 cipia,
853 1556 1038 1622 deest
1091 1556 1190 1621 ius
1248 1557 1658 1639 municipale.
1748 1561 2086 1639 praeterea
2142 1557 2251 1638 qui
2310 1556 2377 1619 in
2433 1560 2757 1620 conventu

589 1641 874 1707 incolunt
918 1642 1094 1708 cives
1142 1640 1403 1706 domum
1449 1640 1692 1707 habent
1750 1641 1967 1720 (etiam
2015 1642 2069 1707 si
2116 1641 2261 1723 quis
2320 1641 2387 1704 in
2433 1645 2757 1706 conventu

590 1733 779 1793 natus
823 1732 953 1809 est;
999 1725 1286 1808 sequitur
1330 1727 1502 1791 enim
1545 1727 1858 1809 originem
1906 1726 2107 1809 patris
2154 1725 2260 1790 vel
2306 1726 2439 1798 avi)
2485 1726 2756 1790 munici-

592 1813 841 1895 palem:
888 1811 1216 1893 duplicem
1245 1817 1461 1876 autem
1496 1812 1811 1893 originem
1840 1831 2030 1876 nemo
2075 1816 2289 1893 potest
2316 1810 2685 1892 acquirere!
2712 1811 2752 1884 1)

589 1934 673 1943 -
717 1896 910 1979 quid,
958 1898 1012 1962 si
1059 1896 1308 1962 civitati
1355 1916 1411 1962 e.
1458 1917 1519 1979 g.
1567 1896 1889 1961 Trallensi
1934 1897 2033 1961 ius
2079 1896 2467 1978 municipale
2514 1894 2755 1961 datur?

590 1987 749 2065 tum,
794 1986 1139 2064 antequam
1184 1982 1422 2047 licebat
1481 1981 1747 2046 duarum
1795 1981 2150 2046 civitatium
2211 1981 2417 2047 civem
2467 1999 2612 2045 esse
2660 1979 2754 2058 (id

590 2075 687 2133 est
746 2068 883 2132 fere
942 2073 1090 2132 ante
1148 2068 1539 2150 Augustum,
1608 2066 1762 2132 vide
1818 2066 2129 2147 Momms.,
2189 2064 2590 2131 Staatsrecht
2636 2064 2755 2129 .III

586 2172 651 2235 p.
700 2152 870 2234 699),
919 2151 1079 2216 civis
1131 2151 1231 2230 R.,
1279 2151 1609 2217 Trallibus
1653 2152 2022 2234 negotians,
2082 2151 2272 2216 domo
2319 2149 2573 2233 Capua,
2622 2169 2751 2215 ser-

587 2236 785 2302 vabat
830 2237 1143 2319 originem
1195 2235 1569 2320 Capuanam
1631 2256 1774 2302 cum
1836 2236 2116 2302 oblatam
2179 2236 2507 2301 civitatem
2566 2224 2751 2299 Tral-

586 2322 830 2388 lensem
854 2338 1154 2387 recusare
1179 2320 1476 2405 deberet;
1511 2327 1849 2405 postquam
1881 2320 1967 2387 ad
2000 2321 2327 2387 civitatem
2358 2321 2432 2385 R.
2459 2320 2751 2386 Graecae

588 2408 869 2474 civitatis
916 2407 1148 2473 civitas
1194 2408 1442 2490 acquiri
1488 2413 1770 2492 poterat,
1834 2426 1962 2473 non
2006 2407 2218 2472 minus
2263 2407 2403 2490 ipse
2448 2405 2753 2473 servabat

590 2492 705 2558 sed
771 2491 943 2557 filius
1012 2498 1265 2576 poterat
1332 2493 1439 2559 vel
1500 2493 1788 2578 Capuam
1859 2513 1943 2559 ex
2011 2493 2259 2575 origine
2316 2499 2588 2575 paterna
2643 2492 2752 2558 vel

588 2578 861 2660 Tralles,
911 2579 1090 2643 cuius
1138 2578 1367 2643 civitas
1422 2580 1592 2660 patri
1650 2580 1803 2644 data
1860 2584 2030 2660 erat,
2091 2596 2207 2660 pro
2254 2578 2502 2659 origine
2547 2577 2750 2641 nomi-

590 2683 764 2729 nare.
854 2663 1003 2727 talis
1051 2664 1317 2728 mutatio
1362 2663 1448 2727 ad
1482 2683 1592 2729 eos
1638 2665 1814 2729 cives
1846 2664 1942 2745 R.,
1990 2664 2103 2745 qui
2148 2682 2276 2728 non
2320 2683 2361 2726 a
2390 2681 2459 2726 re
2490 2662 2752 2744 publica

592 2748 912 2813 Trallensi
958 2748 1123 2812 inter
1169 2748 1344 2813 cives
1390 2748 1634 2831 recepti
1682 2754 1892 2832 erant,
1952 2753 2380 2814 consentaneo
2436 2767 2563 2812 non
2610 2765 2750 2828 per-

586 2835 767 2915 tinet,
816 2833 946 2914 qui,
994 2839 1063 2897 ut
1107 2838 1298 2897 antea
1342 2834 1518 2899 urbis
1551 2832 1860 2915 Graecae,
1909 2833 2038 2898 iam
2069 2832 2403 2915 municipii
2437 2832 2506 2897 G.
2536 2832 2609 2896 R.
2656 2832 2749 2895 in-

590 2920 775 2984 colae
822 2923 984 2983 sunt.
1034 2952 1109 2960 —
1161 2918 1216 2982 si
1262 2918 1527 2984 vicanus
1574 2924 1927 2984 conventus
1972 2918 2039 2982 in
2083 2917 2503 3000 municipium
2548 2922 2750 2980 muta-

584 3010 688 3069 tus
721 3009 838 3084 est,
884 3001 975 3083 id,
1023 3003 1194 3084 quod
1226 3004 1416 3069 modo
1450 3004 1590 3068 dixi
1621 3003 1704 3069 de
1738 3023 1814 3068 eo
1848 3003 1976 3068 civi
2007 3010 2360 3068 conventus
2392 3002 2742 3068 Trallensis

585 3089 698 3171 qui
748 3088 1075 3153 civitatem
1124 3089 1558 3155 Trallensium
1605 3088 1833 3170 habet,
1892 3087 1978 3152 ad
2024 3107 2243 3153 omnes
2287 3088 2560 3152 vicanos
2603 3107 2743 3171 per-

587 3175 766 3254 tinet,
814 3171 884 3237 id
931 3178 1029 3238 est
1074 3172 1375 3255 „additur
1419 3170 1673 3257 patria“
1730 3173 1920 3249 (conf.
1968 3172 2211 3237 Kuhnii
2258 3172 2383 3255 „de
2427 3192 2499 3237 re
2544 3173 2742 3236 muni-

587 3256 755 3341 cip.“
790 3257 840 3340 I,
869 3260 997 3340 27),
1044 3259 1220 3341 prior
1264 3260 1477 3342 patria
1524 3260 1665 3325 tolli
1695 3258 1921 3341 nequit
1950 3278 2098 3322 nam
2148 3258 2441 3340 „origine
2488 3256 2746 3340 propria

584 3345 906 3408 neminem
977 3362 1169 3426 posse
1236 3346 1567 3410 voluntate
1636 3364 1754 3409 sua
1820 3344 2051 3424 eximi,
2126 3344 2533 3408 manifestum
2611 3339 2742 3408 est“

584 3427 766 3505 (Cod.
815 3428 969 3494 Iust.
1016 3427 1100 3510 X,
1149 3432 1249 3512 39,
1297 3432 1333 3505 §
1380 3432 1463 3506 4).
1518 3464 1585 3471 —-
1639 3429 1749 3511 qui
1798 3429 1975 3494 cives
2021 3429 2094 3493 R.
2140 3448 2266 3493 non
2314 3429 2501 3494 simul
2547 3428 2743 3492 muni-

584 3515 738 3596 cipii
787 3515 964 3580 cives
1023 3521 1196 3597 sunt,
1259 3517 1350 3591 (ut
1406 3515 1696 3579 veterani
1740 3515 1922 3578 missi
1968 3514 2106 3578 sine
2151 3512 2560 3589 deductione)
2607 3533 2741 3578 cum

586 3599 672 3665 sit
717 3605 1067 3665 conventus
1111 3619 1230 3682 pro
1275 3600 1646 3683 municipiO,
1695 3599 2027 3664 civitatem
2070 3597 2317 3680 fingunt
2360 3618 2402 3662 a
2431 3605 2741 3664 conventu

2535 3680 2638 3712 “⁶

584 3684 872 3768 petitam.
964 3685 1057 3750 sic
1106 3685 1325 3768 „cives
1372 3685 1443 3749 R.
1492 3688 1602 3767 qui
1647 3685 2001 3750 consistunt
2044 3683 2110 3748 in
2155 3684 2418 3748 canabis
2463 3731 2478 3746 .
2513 3730 2527 3746 .
2621 3703 2741 3747 1am

755 3921 803 3983 1)
839 3918 985 3987 quod
1021 3922 1218 3971 auctor
1241 3918 1295 3971 b.
1325 3916 1701 3985 Hispaniensis
1726 3920 1832 3980 (31)
1857 3916 1987 3969 dicit
2022 3918 2269 3986 „equites
2294 3915 2528 3970 Romani
2552 3915 2741 3985 partim

578 4000 645 4040 ex
681 3986 816 4040 urbe
850 3986 1047 4055 partim
1082 4001 1149 4039 ex
1184 3985 1471 4054 provincia
1507 3984 1841 4053 (Hispania)“
1889 4000 2000 4038 non
2049 3985 2135 4039 ius
2183 3985 2276 4039 sed
2314 3999 2426 4038 rem
2463 3984 2739 4053 significat.

578 4069 645 4121 „e
680 4053 997 4123 provincia“
1033 4057 1163 4108 sunt
1199 4054 1290 4122 qui
1325 4053 1573 4108 incolunt
1604 4055 1662 4108 in
1686 4053 1981 4123 provincia.
2041 4053 2336 4123 municipia
2361 4051 2420 4107 O.
2435 4052 2501 4108 R.
2531 4068 2596 4108 eo
2616 4057 2739 4108 tem-

577 4138 713 4192 pore
747 4122 985 4176 nondum
1020 4126 1176 4176 erant
1208 4123 1264 4175 in
1300 4121 1582 4190 Hispania.
