2984 4875
1150 385 1577 447 -25-

267 548 707 631 manorum“).
754 589 838 600 —
882 552 1198 619 consentit
1250 551 1611 636 Appiani
1667 553 1830 618 fons.
1888 571 2038 617 nam
2093 550 2257 617 illud
2305 542 2443 616 ἀπὸ

271 639 477 724 σφῶν
509 641 674 721 (cap.
701 640 828 719 95),
854 636 1026 721 quod
1057 657 1127 702 re
1159 657 1314 704 vera
1341 658 1468 703 non
1503 636 1700 703 habet
1730 657 1858 720 quo
1888 637 2218 720 referatur,
2252 637 2450 721 signi·

266 723 435 790 ficat
467 743 689 790 omnes
721 724 833 807 qui
858 723 1086 791 Uticae
1116 724 1406 806 partibus
1431 722 1966 805 Pompeianorum
1995 723 2234 806 favent,
2259 721 2327 788 id
2353 727 2452 788 est

273 810 604 893 imprimis
633 810 1059 892 negotiantes.
1146 808 1483 958 Appianas
1513 808 1697 873 addit
1740 804 2183 892 ,,σύγκλητον“
2228 807 2449 891 appel·

265 896 449 961 latos
488 913 631 960 esse
669 892 788 961 hos
827 899 1161 960 trecentos.
1209 894 1231 958 i
1282 913 1383 959 em
1420 891 1801 959 Plutarchus
1830 898 2048 958 narrat
2070 889 2196 967 (οἷς
2222 889 2448 978 ἐχρῆτο

267 978 533 1064 βουλῇ).
622 985 846 1045 auctor
892 979 962 1044 B.
988 982 1064 1044 A.
1114 976 1347 1044 omittit
1391 979 1538 1044 illos
1586 977 1743 1045 000
1787 997 1903 1061 pro
1950 984 2175 1044 senatu
2221 977 2449 1045 Catoni

267 1066 516 1147 fuisse,
577 1065 730 1148 quia
784 1065 1027 1131 auctori
1073 1062 1461 1130 Caesariano
1509 1064 1606 1128 illi
1649 1064 1975 1147 legitimus
2019 1068 2276 1130 senatus
2320 1083 2451 1129 non

274 1156 484 1216 erant.
574 1157 792 1215 narrat
848 1149 966 1216 hos
1023 1148 1182 1215 000
1239 1150 1581 1233 pecuniam
1640 1148 1727 1214 ad
1785 1150 2025 1214 bellum
2070 1149 2449 1231 contulisse;

274 1234 411 1302 hoc
442 1234 628 1301 deest
657 1234 831 1319 apud
863 1234 1279 1301 Plutarchum
1321 1236 1714 1318 (Appianum
1746 1255 1872 1300 non
1906 1254 2076 1318 curo,
2118 1236 2226 1316 qui
2257 1234 2449 1300 nimis

275 1321 504 1387 brevis
553 1325 674 1395 est)
718 1321 834 1386 sed
879 1340 1005 1385 non
1052 1325 1189 1385 erat
1233 1321 1406 1403 quod
1439 1325 1988 1401 commemoraret,
2034 1319 2209 1402 apud
2256 1338 2448 1401 quem

273 1406 556 1472 trecenti
602 1406 699 1470 illi
744 1412 878 1471 tum
921 1411 1165 1472 tantum
1210 1412 1426 1490 partes
1471 1411 1688 1488 agant,
1735 1406 1790 1471 si
1835 1425 1978 1471 cum
2026 1403 2270 1470 Catone
2313 1423 2448 1470 rem

279 1490 548 1558 habent.
627 1489 1028 1574 Plutarchus,
1061 1491 1231 1572 licet,
1264 1491 1439 1573 quod
1470 1491 1738 1556 dubium
1771 1495 1886 1574 est,
1918 1496 2247 1556 auctorem
2277 1490 2348 1554 B.
2368 1490 2447 1555 A.

272 1575 670 1658 adhibuerit,
718 1578 981 1658 insuper
1023 1577 1154 1643 alio
1199 1576 1375 1642 fonte
1433 1595 1585 1642 usus
1643 1581 1772 1658 est;
1829 1595 1977 1641 nam
2038 1581 2103 1641 et
2157 1581 2450 1641 senatum

272 1662 481 1728 fuisse
516 1660 674 1729 000
720 1667 785 1727 et
828 1680 930 1727 res
959 1662 1124 1727 inter
1155 1660 1315 1728 000
1347 1667 1412 1727 et
1441 1660 1752 1727 Catonem
1797 1668 1861 1727 et
1892 1666 2219 1726 senatores
2265 1663 2449 1742 (quos

274 1754 505 1813 auctor
549 1747 621 1812 B.
647 1747 724 1812 A.
782 1767 911 1814 non
969 1766 1153 1813 secus
1213 1747 1470 1824 omittit)
1530 1765 1613 1811 ex
1669 1753 1929 1812 auctore
1975 1746 2047 1811 Β.
2083 1746 2157 1810 A.
2195 1744 2449 1810 haurire

275 1852 409 1897 non
464 1833 674 1917 potuit
730 1833 847 1907 (ita
902 1838 972 1898 ut
1035 1833 1401 1916 negandum
1461 1831 1760 1897 videatur
1816 1831 1990 1914 quod
2045 1831 2167 1897 Mo.
2231 1836 2450 1897 censet

283 1915 478 2003 [Hist.
528 1918 708 1982 Rom.
741 1918 880 1998 111⁷,
913 1919 1037 1982 408
1068 1912 1223 2003 not.]
1271 1916 1684 1983 Plutarchum
1729 1916 2014 1999 pendere
2060 1936 2143 1983 ex
2187 1920 2449 1982 auctore

275 2004 439 2069 belli
471 2002 806 2079 Africani).
875 2003 967 2068 ita
997 2022 1098 2069 res
1131 2023 1199 2069 se
1232 2002 1535 2069 habuisse
1580 2002 1909 2067 videntur:
1956 2000 2043 2067 ad
2072 2001 2312 2067 bellum
2355 2002 2448 2066 fa-

280 2086 584 2154 ciendum
630 2087 788 2155 000
834 2087 1131 2154 ditissimi
1177 2107 1212 2154 e
1246 2095 1565 2154 conventu
1597 2086 1882 2153 Uticensi
1917 2088 2255 2171 pecuniam
2302 2107 2448 2154 con-

280 2175 564 2239 tulerant
593 2173 901 2258 Scipioni,
949 2171 1049 2239 his
1081 2173 1241 2240 Cato
1288 2192 1430 2239 cum
1468 2173 1695 2239 Uticae
1723 2172 2118 2255 praesidium
2150 2173 2288 2255 agit
2330 2193 2449 2256 pro

282 2259 553 2326 consilio
585 2254 951 2341 („senatu“)
979 2260 1174 2324 utitur
1218 2259 1406 2332 (Plut.
1436 2258 1670 2342 App.);
1716 2258 1957 2324 Caesar
2000 2256 2101 2324 his
2145 2260 2449 2325 trecentis

281 2364 410 2410 uno
456 2346 713 2410 nomine
772 2364 889 2428 pro
950 2349 1267 2410 conventu
1324 2345 1666 2427 pecuniam
1712 2343 2005 2427 imperat.
2053 2378 2134 2387 —
2181 2345 2447 2411 trecenti

281 2430 479 2514 igitur
523 2430 618 2495 illi
661 2450 789 2496 non
835 2430 1042 2497 solum
1088 2429 1172 2495 ad
1215 2429 1554 2514 pecuniam
1588 2427 2037 2496 conferendam
2085 2448 2157 2495 se
2188 2431 2449 2496 coniun-

281 2523 471 2600 gunt,
518 2515 634 2582 sed
680 2521 828 2582 sunt
872 2515 1099 2582 Catoni
1145 2515 1520 2597 consilium,
1570 2514 1831 2581 Caesari
1876 2515 2260 2582 universitas
2304 2536 2449 2600 per-

284 2621 480 2669 sonae
549 2602 691 2667 vice
760 2621 926 2684 quae
995 2601 1297 2684 fungitur.
1415 2599 1573 2682 quid
1646 2601 1915 2682 fuerint,
1983 2600 2223 2685 optime
2289 2608 2446 2687 puto

285 2687 560 2770 exprimi
605 2688 659 2753 si
706 2686 869 2753 dicis
916 2705 1026 2752 eos
1074 2685 1441 2751 ordinem
1499 2686 1697 2752 fuisse
1743 2687 2025 2768 aliquem
2072 2693 2444 2767 conventus,

286 2772 351 2837 in
406 2792 534 2856 quo
593 2771 946 2838 ditissimus
1008 2773 1279 2855 quisque
1338 2771 1562 2836 inerat.
1651 2770 1735 2837 de
1793 2777 2110 2837 conventu
2159 2772 2448 2839 Uticensi

283 2856 447 2922 nihil
491 2862 887 2940 compertum
940 2856 1279 2938 habemus;
1335 2855 1452 2922 sed
1498 2855 1622 2922 hoc
1665 2857 1936 2939 insignis
1979 2858 2284 2922 momenti
2331 2862 2446 2940 est,

286 2941 405 3008 hos
450 2943 690 3009 electos
735 2962 1051 3025 personae
1095 2943 1306 3007 vicem
1352 2943 1667 3007 sustinere
1712 2942 2023 3007 adversus
2055 2940 2449 3021 Caesarem¹)

285 3047 412 3093 non
457 3046 642 3094 secus
679 3046 757 3092 ac
786 3027 1165 3093 decuriones
1201 3028 1623 3110 municipales
1670 3026 1843 3108 (Dig.
1875 3026 1990 3108 ΙΙΙ,
2026 3031 2083 3108 4,
2121 3030 2188 3090 7:
2235 3028 2300 3091 in
2332 3027 2450 3094 de-

288 3113 652 3179 curionibus
685 3113 791 3177 vel
821 3113 968 3179 aliis
999 3113 1523 3178 universitatibus
1554 3111 1714 3176 nihil
1745 3111 1959 3193 refert,
1988 3118 2196 3177 utrum
2227 3132 2447 3179 omnes

288 3198 458 3264 idem
504 3203 809 3263 maneant
851 3218 933 3262 au
967 3217 1117 3280 pars
1147 3203 1403 3262 maneat
1427 3247 1441 3262 .
1466 3245 1481 3261 .
1512 3198 1619 3274 .)²).
1670 3230 1742 3240 —
1792 3202 2015 3262 auctor
2045 3196 2116 3260 B.
2142 3198 2218 3261 A.
2253 3198 2446 3263 etiam

287 3291 636 3349 conventus
693 3281 1294 3367 Thapsitanum
1341 3289 1405 3347 et
1448 3281 2123 3348 Hadrumetinum
2170 3302 2448 3349 comme-

285 3375 526 3451 morat,
584 3368 816 3450 quibus
863 3367 1102 3433 Caesar
1146 3376 1215 3432 ut
1258 3367 1548 3434 Uticensi
1594 3368 1932 3450 pecuniam
1988 3368 2282 3451 imperat,
2329 3368 2448 3433 sed

287 3454 650 3534 conventui,
709 3473 836 3518 non
882 3452 1109 3519 ordini.
1158 3488 1241 3498 -
1287 3452 1367 3517 de
1413 3453 1585 3518 bello
1630 3454 1752 3519 civ.
1784 3453 1960 3518 1136
2007 3452 2246 3518 Caesar
2290 3453 2449 3519 dicit

291 3546 668 3622 „conventus
724 3539 780 3599 is
826 3538 934 3615 (de
979 3537 1268 3604 Uticensi
1316 3537 1497 3613 dicit)
1557 3539 1669 3621 qui
1720 3557 1808 3598 θα·
1865 3538 2063 3599 varies
2115 3537 2448 3618 ycncribus

466 3813 514 3875 1)
551 3805 952 3872 „universitas“
988 3811 1071 3861 est
1108 3822 1389 3862 commune
1423 3807 1671 3860 omnibus
1710 3805 1962 3874 collegiis,
2000 3820 2126 3860 nam
2163 3806 2445 3874 collegium

289 3891 396 3930 non
431 3891 542 3931 uno
581 3874 804 3930 consilio
841 3889 1004 3942 agens
1038 3890 1126 3929 res
1161 3890 1289 3930 suas
1337 3875 1525 3944 nequit
1558 3874 1800 3942 cogitari,
1852 3877 2212 3945 „personam“
2264 3876 2443 3939 („cor·

285 3947 447 4013 pus“)
485 3944 685 3997 habere
718 3943 775 3997 id
812 3949 894 3998 est
930 3943 1186 3999 adversus
1221 3959 1336 3997 rem
1362 3943 1634 4013 publicam
1671 3958 1937 4012 personae
1971 3944 2140 3999 vicem
2177 3942 2445 3998 sustinere

337 4013 639 4067 ermittit
654 4027 731 4065 ur
766 4011 881 4066 SCo
908 4011 990 4066 vel
1016 4012 1399 4067 constitutione
1422 4011 1735 4080 principali:
1772 4012 1878 4066 hoc
1900 4011 2100 4066 dicitur
2123 4011 2354 4079 „quibus
2377 4026 2446 4065 ex

285 4028 367 4135 gc
403 4081 566 4147 coire,
606 4079 740 4147 cogi,
779 4080 1063 4135 convenire
1097 4081 1417 4149 permissum
1442 4083 1561 4142 cst“
1597 4079 1759 4144 (conf.
1797 4080 2222 4148 Salkowskyum,
2262 4079 2445 4146 „lehre

287 4164 391 4203 von
428 4149 523 4203 der
554 4148 911 4217 juristischen
946 4153 1199 4217 person“‚
1234 4148 1454 4218 Lipsiae
1493 4152 1663 4214 1863).
1748 4152 1799 4214 2)
1836 4149 1905 4203 cf.
1945 4148 2064 4217 Dig.
2103 4147 2166 4215 L,
2209 4153 2251 4214 1,
2291 4151 2376 4201 25.
