2984 4875
1156 358 1586 420 ...23-

289 527 593 590 tiatorum
645 525 720 589 R.
823 525 916 589 sic
976 522 1272 607 Byzantii
1330 526 1527 591 seviri
1583 527 1971 608 Augustales
2028 529 2455 616 inveniuntur,

289 610 387 676 sic
429 609 641 675 Italici
687 608 1054 675 cleruchiae
1100 608 1515 678 Atheniensis
1561 611 1868 678 Deliacae
1912 612 2163 680 incolae
2219 614 2458 683 habent

289 715 409 763 sex
439 696 779 778 magistros
810 694 1156 772 (Mercurii)
1195 722 1282 745 =
1319 688 1734 778 Ἑρμαιστάς.
1824 696 1892 761 hi
1935 700 2225 782 magistri
2271 720 2456 768 sacra

287 781 562 861 faciunt,
631 779 857 862 templi
915 785 1241 846 curatores
1298 787 1472 862 sunt,
1541 802 1668 849 non
1722 792 2027 866 praesunt
2082 789 2455 870 conventui;

287 871 572 951 praeest:
632 864 740 931 vel
798 864 1237 946 magisterium
1292 867 1398 932 vel
1460 874 1732 933 curator.
1837 866 1999 934 haec
2056 870 2262 936 altera
2303 892 2455 954 pars

287 950 860 1016 administrationis
889 949 1217 1015 Massiliae
1259 949 1544 1017 nondum
1589 953 1928 1019 inventast.
1976 990 2059 999 —
2104 963 2453 1023 conventus

287 1037 354 1102 in
386 1036 714 1108 Africae
746 1035 1009 1100 urbibus
1039 1035 1330 1117 pluribus
1370 1037 1797 1103 inveniuntur.
1873 1038 2234 1106 Poenorum
2264 1042 2454 1108 urbes

286 1142 404 1205 pro
444 1121 706 1187 urbibus
738 1118 1027 1185 eiusdem
1057 1140 1137 1186 ac
1165 1122 1390 1203 populi
1419 1123 1695 1188 Romani
1725 1123 1915 1189 urbes
1945 1125 2213 1191 rationis
2255 1124 2452 1193 habe·

286 1207 536 1287 bantur,
582 1207 674 1271 ita
716 1210 787 1270 ut
830 1206 941 1287 qui
988 1224 1042 1270 e.
1075 1225 1134 1287 g.
1184 1205 1413 1273 Uticae
1458 1208 1945 1274 universitatem
1991 1208 2232 1276 habent
2275 1212 2454 1278 cives

285 1294 359 1357 R.
420 1294 526 1357 vel
582 1291 792 1356 Italici
848 1292 1015 1355 intra
1070 1291 1397 1357 civitatem
1457 1292 1827 1359 Uticensem
1894 1295 2310 1371 consistant.¹)
2372 1330 2452 1341 -

285 1377 368 1445 de
413 1376 792 1444 Uticensi
836 1382 1156 1442 conventu
1200 1396 1328 1441 non
1359 1396 1569 1459 pauca
1598 1384 1935 1444 narrantur
1964 1400 2007 1445 a
2036 1381 2453 1463 scriptoribus

284 1463 442 1530 belli
500 1461 711 1528 civilis
755 1481 813 1526 a.
860 1463 943 1524 46
986 1460 1272 1527 Africam
1334 1464 1723 1546 occupantis.
1816 1463 1972 1547 quid
2031 1465 2269 1546 singuli
2328 1471 2453 1531 tra·

284 1548 598 1628 diderint,
659 1565 1033 1629 comparare
1089 1544 1178 1612 ad
1231 1547 1548 1613 rationem
1602 1548 2045 1615 huiuscemodi
2097 1557 2451 1618 conventus

284 1631 796 1716 cognoscendam
857 1631 1013 1697 utile
1073 1632 1211 1697 erit.
1270 1667 1354 1676 -
1419 1634 1890 1715 negotiatorum
1948 1655 2184 1717 magna
2241 1637 2450 1701 multi-

283 1719 438 1784 tudo
479 1719 609 1783 iam
643 1717 813 1782 bello
843 1715 1222 1798 Iugurthino
1252 1717 1484 1784 Uticae
1517 1717 1797 1800 degebat
1824 1717 2112 1799 (Sallust.
2144 1720 2284 1803 Ing.
2320 1723 2450 1799 64).

285 1841 369 1851 -
414 1802 590 1886 apud
639 1807 967 1867 auctorem
1012 1802 1075 1866 b.
1106 1802 1397 1868 Africani
1441 1803 1606 1869 haec
1651 1810 1985 1870 narrantur
2030 1805 2096 1871 in
2144 1825 2221 1871 ca
2271 1854 2285 1869 .
2336 1808 2449 1871 88:

281 1886 681 1970 „complures
737 1886 991 1948 interim
1049 1907 1136 1947 ex
1172 1884 1347 1969 fuya
1390 1887 1843 1970 (Tltopsitanae
1880 1893 2152 1971 puqnae)
2264 1890 2451 1953 ticam

281 1973 660 2056 perveniunt
700 1969 1109 2047 (Plutarchus
1156 1970 1396 2048 ἱππεῖς
1427 1992 1536 2034 eos
1549 1971 1763 2054 juisse
1792 1972 2014 2050 tradit)
2051 1994 2209 2058 quos
2240 1995 2451 2037 omnes

286 2057 440 2122 Cato
500 2057 636 2142 (qui
686 2054 928 2118 Uticam
974 2058 1323 2140 occupavit)
1370 2067 1748 2120 convocatos
1791 2078 1914 2120 una
1959 2078 2097 2120 cum
2147 2057 2305 2123 CCC
2342 2062 2455 2144 qui

274 2145 605 2229 pecuniam
651 2138 939 2223 Scipioni
977 2140 1062 2203 ad
1104 2140 1329 2203 bellum
1355 2140 1732 2224 faciendum
1777 2142 2251 2222 contulerant2),
2299 2144 2453 2207 llor-

284 2238 478 2302 tatur,
524 2237 593 2288 ut
633 2228 894 2289 servitia
938 2247 1122 2289 manu
1165 2229 1485 2291 mitterent
1527 2232 1620 2306 (at
1649 2249 1680 2289 e
1727 2229 1887 2290 uites
1922 2227 2137 2311 prosu,
2169 2231 2197 2291 i
2232 2250 2451 2293 servos

279 2334 403 2376 non
446 2311 695 2385 habent,
739 2331 958 2374 servos
986 2310 1216 2374 habent
1242 2314 1512 2376 trecenti
1535 2312 1636 2375 illi
1677 2248 2165 2400 ffzeqotiatoresfi
2210 2317 2448 2378 rectius

284 2397 666 2463 Plutarchus
693 2395 849 2460 haec
878 2396 1226 2480 distinquit)
1256 2398 1674 2485 oppidumque
1697 2397 2124 2481 defenderent.
2181 2420 2447 2486 quorum

283 2506 419 2548 cum
439 2493 693 2569 partem
719 2482 1033 2546 adsentire
1058 2494 1306 2566 partem
1330 2485 1601 2546 animum
1624 2494 2008 2569 mentemque
2031 2487 2446 2569 perterritam

286 2582 470 2657 atque
516 2572 579 2630 in
606 2567 840 2650 fitqam
884 2567 1255 2631 destinatam
1310 2568 1543 2632 habere
1601 2568 2020 2633 intellexisset
2062 2572 2326 2654 amplius
2368 2570 2447 2633 de

280 2678 353 2718 ea
411 2676 486 2718 re
545 2674 735 2737 aqere
792 2654 1027 2716 destitit
1083 2673 1395 2738 navesque
1452 2656 1533 2717 iis
1590 2654 1936 2719 attribuit.“
1996 2691 2077 2701 -
2138 2677 2278 2740 cap.
2334 2660 2441 2723 90:

279 2750 580 2824 „postero
637 2737 739 2800 die
794 2758 975 2800 mane
1030 2740 1091 2800 in
1154 2738 1448 2821 oppidum
1507 2741 1752 2802 introiit
1794 2737 2078 2819 (Caesar)
2127 2742 2442 2803 contione-

281 2846 401 2911 que
467 2823 773 2888 advocata
825 2822 1142 2886 Uticenses
1207 2824 1444 2887 incolas
1510 2825 1786 2899 (Poenos
1852 2824 2005 2887 dicit
2072 2825 2236 2888 cives
2312 2824 2442 2888 Uti-

281 2932 518 2981 censes,
567 2907 897 2985 „incolae“
953 2907 1313 2972 vocabulum
1378 2909 1629 2972 abusive
1689 2909 2089 2995 detorquens)
2152 2910 2443 2974 cohorta-

279 3005 378 3058 tus
418 2995 666 3077 qratias
718 3013 843 3077 pro
903 3014 1119 3075 eorum
1179 3014 1333 3076 erqa
1387 3016 1456 3057 se
1512 2994 1718 3056 studio
1786 2996 1945 3078 aqit,
2018 2998 2183 3058 cives
2240 3005 2444 3059 autem

276 3080 602 3143 Romanos
664 3081 1089 3161 neqotiatores
1155 3090 1238 3142 et
1303 3099 1441 3153 eos,
1519 3082 1630 3164 qui
1690 3081 1856 3141 inter
1926 3077 2083 3144 CCC
2133 3083 2439 3163 pecunias

280 3165 673 3229 contulerant
739 3163 902 3226 Varo
949 3173 1011 3226 et
1055 3162 1356 3248 Scipioni,
1403 3167 1613 3227 multis
1656 3163 1863 3226 verbis
1893 3176 2218 3228 accusatos
2261 3176 2325 3228 et
2367 3166 2445 3229 de

278 3271 494 3313 eorum
538 3247 879 3312 sceleribus
923 3249 1208 3333 lonqiore
1251 3248 1464 3312 habita
1509 3251 1798 3311 oratione
1843 3249 1928 3312 ad
1954 3260 2327 3324 eoetremum,
2374 3261 2443 3313 ut

275 3340 407 3399 sine
451 3345 615 3397 metu
654 3333 1008 3416 prodirent,
1057 3335 1278 3408 edicit3
1333 3356 1402 3397 se
1446 3335 1537 3397 eis
1580 3334 1917 3397 dumtaxat
1957 3339 2146 3397 vitam
2192 3355 2444 3399 conces-

275 3441 520 3494 surum,
581 3420 742 3481 bona
784 3419 1030 3504 quidem
1076 3441 1293 3483 eorum
1335 3441 1403 3482 se
1446 3419 1868 3492 venditurum,
1916 3422 2006 3482 ita
2051 3430 2285 3498 tamen,
2333 3424 2446 3506 qui

277 3527 492 3569 eorum
536 3507 670 3589 ipse
711 3525 825 3567 sua
856 3505 1017 3569 bona
1045 3505 1429 3584 redemisset,
1473 3526 1542 3567 se
1573 3503 1872 3567 bonorum
1902 3504 2317 3568 venditionem
2346 3509 2440 3568 in-

275 3590 602 3654 ducturum
647 3600 712 3652 et
743 3592 1073 3675 pecuniam
1113 3591 1342 3653 multae
1371 3592 1618 3653 nomine
1646 3590 1994 3653 relaturum
2017 3636 2034 3652 .
2056 3637 2073 3656 .
2095 3598 2156 3654 .“
2200 3591 2439 3660 deinde

275 3683 489 3743 narrat
532 3677 681 3742 illos
725 3677 1155 3759 negotiatores
1202 3682 1267 3742 et
1310 3683 1631 3742 trecentos
1675 3678 1880 3742 laetos
1914 3677 2051 3742 vita
2078 3675 2442 3744 condonata

275 3764 536 3846 petisse,
584 3768 696 3846 „ut
738 3763 1054 3828 universis
1102 3761 1259 3828 CCC
1305 3782 1430 3828 uno
1475 3762 1735 3827 nomine
1780 3762 2118 3845 pecuniam
2162 3763 2439 3846 impera-

274 3846 433 3930 ret“,
495 3849 774 3930 imperat
818 3846 1058 3912 Caesar
1114 3847 1367 3912 miliens
1414 3848 1779 3912 sestertium
1823 3852 1892 3911 ut
1936 3866 2051 3929 per
2097 3849 2438 3913 triennium

447 4054 494 4113 1)
531 4049 599 4102 de
633 4047 861 4102 urbibus
899 4047 1204 4102 Poenorum
1244 4046 1496 4102 conferas
1530 4044 1812 4101 Kuhnium
1847 4046 2164 4112 „constitut.
2211 4048 2438 4102 munici-

272 4117 406 4186 palis
442 4118 573 4186 imp.
614 4115 719 4172 R.“
757 4115 809 4168 11
844 4133 899 4185 p.
940 4119 1130 4184 446sq.
1332 4119 1382 4182 2)
1416 4116 1522 4170 hoc
1559 4113 1708 4169 solus
1745 4123 1889 4170 auct.
1926 4115 1980 4168 b.
2017 4118 2137 4172 At‘r.
2174 4118 2377 4171 narrat.
