2984 4875
1119 405 1545 467 —29—

233 568 464 647 ξένοις
512 572 643 650 (vel
675 573 1051 651 παροίκοις)
1088 577 1455 655 separatum
1500 570 1849 637 incolatum
1879 568 2205 637 habebant
2235 571 2412 636 cives

232 658 322 722 Β.
416 657 637 723 titulus
694 657 784 734 (b)
840 663 938 723 est
994 655 1419 723 conferendus
1464 675 1608 722 cum
1655 656 1986 721 Prienensi
2032 654 2414 721 condicione

233 739 524 821 »ξένους
589 738 745 817 τοὺς
812 738 1323 827 ἐφηβευκότας“.
1395 778 1478 787 —
1545 741 1612 806 in
1678 740 2147 822 Laginensibus
2210 741 2412 806 titulis

235 827 436 893 multi
486 828 895 893 inveniuntur
938 827 1170 894 Graeci
1217 827 1482 893 civitate
1528 826 1601 891 Β.
1649 825 1889 905 donati,
1937 827 2106 892 tribu
2150 823 2421 903 Quirina

238 913 443 988 (conf.
493 911 875 979 staatsrecht
916 913 1043 994 ΠΙ,
1094 912 1264 988 785).
1348 911 1823 994 distinguuntur
1867 909 1936 976 hi
1995 911 2285 977 homines
2329 910 2422 975 ita

238 1003 321 1063 ut
351 999 642 1064 Romano
672 998 914 1064 nomini
945 997 1190 1064 addant
1224 996 1538 1063 Graecum
1570 1016 1802 1062 nomen
1830 998 2007 1098 prius
2038 1016 2155 1080 pro
2186 1015 2420 1099 cogno-

238 1084 457 1149 mine:
507 1080 714 1147 Γάιον
743 1087 1097 1148 Λικίννιον
1129 1086 1339 1146 Γαίου
1367 1085 1726 1146 Λικιννίου
1758 1079 1922 1159 υἱον,
1971 1084 2231 1166 Σεργία,
2277 1084 2421 1144 Ρω-

240 1179 452 1247 μαῖον
508 1168 620 1233 καὶ
688 1164 1058 1232 Οἰνοανὸέα
1112 1217 1127 1232 .
1175 1218 1190 1233 .
1241 1214 1254 1228 .
1303 1164 1568 1249 ἔκγονον
1627 1170 1835 1230 Γαίου
1880 1169 2237 1231 Λικιννίου
2284 1162 2419 1229 Θό-

248 1248 508 1339 α[ντ]ος
554 1303 570 1316 .
619 1302 634 1317 .
681 1253 1075 1327 (Benndorfii
1105 1256 1226 1319 iter
1253 1253 1320 1319 II
1358 1273 1419 1336 p.
1456 1256 1594 1336 79);
1640 1253 1847 1318 solent
1890 1253 2001 1335 qui
2031 1253 2114 1318 ab
2161 1250 2420 1317 homine

248 1339 520 1405 civitate
566 1337 802 1404 donato
836 1338 1234 1405 descendunt
1262 1336 1385 1403 hoc
1415 1357 1773 1420 cognomen
1802 1338 2079 1403 abicere.
2112 1372 2196 1382 —
2234 1329 2422 1414 „Pm-

247 1425 499 1505 μαῖος“
544 1425 610 1488 in
639 1424 858 1507 Lyciis
903 1425 1104 1490 titulis
1149 1425 1315 1490 solet
1357 1424 1534 1506 addi,
1582 1429 1861 1489 ceterum
1905 1442 2049 1488 raro
2095 1421 2422 1497 additur.¹)

249 1544 337 1555 -—
399 1507 520 1575 hos
578 1508 861 1575 Graecos
920 1510 1181 1575 civitate
1239 1515 1461 1574 auctos
1517 1528 1646 1574 non
1700 1507 1785 1572 ad
1832 1514 2216 1574 conventum
2280 1526 2421 1590 per·

249 1596 461 1660 tinere
528 1595 881 1660 monstravi
947 1595 1132 1659 infra.
1199 1627 1286 1638 -
1352 1594 1551 1664 (cives
1617 1594 1692 1658 Β.
1752 1591 2007 1658 Cauni
2075 1593 2422 1660 consisten-

251 1686 353 1746 tes
399 1679 467 1744 in
511 1678 782 1745 historia
841 1679 1059 1745 caedis
1103 1677 1595 1745 Mithradaticae
1640 1685 2243 1744 commemorantur:
2291 1677 2424 1760 Ap-

250 1766 432 1848 pian.
479 1767 606 1840 23).
663 1797 750 1808 -
806 1764 872 1830 in
916 1763 1130 1848 Lydia
1173 1763 1362 1830 Chii
1418 1764 1530 1845 qui
1587 1764 1715 1829 sint
1768 1764 1947 1830 cives
2006 1764 2079 1828 Β.
2128 1763 2424 1828 iubentur

253 1857 518 1916 senatus
564 1850 855 1916 consulto
885 1849 998 1915 illo
1041 1848 1212 1925 (OIG
1245 1851 1481 1924 222252)
1527 1848 1834 1915 Chiorum
1866 1848 2119 1931 legibus
2164 1866 2424 1932 parere:

255 1932 328 1999 οἵ
369 1957 443 1998 τε
485 1926 656 2017 παρ’
697 1925 926 2010 αὐτοῖς
959 1927 1146 2009 ὄντες
1169 1928 1533 2019 Ῥω[μαῖο]ι
1563 1944 1704 2008 τοῖς
1733 1938 1962 1998 Χείων
1991 1927 2424 1997 ὑπακούωσιν

256 2016 492 2101 νόμοις
539 2067 555 2084 .
606 2069 621 2083 .
671 2068 687 2083 .
736 2021 881 2086 Tei
926 2039 1114 2123 reepa
1160 2021 1317 2085 bull.
1365 2020 1448 2086 de
1496 2039 1781 2119 corresp.t
1820 2017 1973 2084 hell.
2018 2018 2111 2120 IY
2154 2038 2219 2102 p.
2272 2023 2426 2085 179:

256 2154 274 2172 .
309 2155 325 2169 .
358 2154 376 2172 .
404 2102 666 2191 χρησ]τὲ
692 2115 882 2189 χαῖρε
922 2104 966 2185 ll
995 2129 1028 2168 ο
1080 2102 1285 2192 δῆμος
1331 2099 1664 2191 [Τ]ηί[ων]
1685 2132 1705 2183 ,·
1749 2128 1783 2168 ο
1819 2102 2026 2187 δῆμος
2061 2127 2095 2167 ο
2130 2104 2171 2182 ll
2200 2108 2426 2200 Λεβς-

259 2188 464 2271 δίων,·
496 2188 562 2254 οἱ
595 2185 818 2274 [ν]έοι,·
848 2184 882 2254 0‘
921 2188 1128 2276 δῆμος
1151 2187 1622 2271 Κλαζομενίων
1644 2190 1688 2271 ll
1718 2188 1783 2253 οἱ
1809 2183 2120 2269 Ῥωμαῖοι
2148 2190 2190 2268 ll
2219 2203 2423 2254 κ.τ.λ.

257 2283 612 2342 conventus
655 2275 740 2341 ad
772 2276 1076 2341 Teiorum
1120 2296 1256 2341 rem
1283 2276 1610 2360 publicam
1656 2277 1976 2359 pertinere
2007 2273 2299 2357 videtur;
2342 2294 2426 2340 ne

259 2360 488 2427 credas
538 2380 684 2426 eum
727 2362 1048 2445 pertinere
1083 2361 1167 2426 ad
1212 2361 1697 2426 universitatem
1742 2358 2299 2442 (συμπολίτευμα)
2343 2360 2426 2425 ab

260 2448 390 2513 illis
416 2448 648 2513 vicinis
674 2447 1041 2513 civitatibus
1074 2446 1391 2513 effectum.
1463 2446 1974 2527 συμπολίτευμα
2004 2467 2134 2511 non
2164 2444 2428 2530 habent,

261 2552 405 2598 cum
449 2532 689 2614 singuli
738 2529 936 2616 δῆμοι
967 2533 1385 2598 nominentur.
1421 2568 1504 2577 —
1534 2531 1932 2616 Erythris.
1988 2531 2424 2597 chas·Wad-

262 2616 530 2700 dington
588 2637 647 2681 n.
697 2620 798 2681 50.
882 2627 1073 2697 χαῖρε
1139 2618 1568 2720 subscriptum
1636 2624 1764 2701 est,
1832 2617 2084 2684 coronis
2140 2617 2426 2683 inclusae

263 2702 560 2785 leguntur
626 2702 1078 2768 universitates
1140 2701 1294 2768 hac:
1362 2726 1396 2766 ο
1469 2702 1677 2788 δῆμος
1691 2730 1711 2781 ‚-
1779 2701 1844 2766 οἱ
1904 2696 2285 2783 “Ρωμαῑοι.8)
2346 2737 2427 2747 —-

263 2787 738 2870 Thyatirae.
827 2787 1099 2853 bulletin
1152 2788 1235 2870 X,
1283 2790 1440 2854 422:
1502 2787 1568 2852 οἱ
1629 2779 2025 2868 σκυτοτόμοι
2072 2783 2425 2872 ἐτείμησαν

271 2877 345 2936 Τ.
381 2869 685 2953 Φλάβιον
716 2875 804 2935 Μ
843 2869 1223 2958 τροφάνους
1253 2869 1399 2936 υἱὸν
1445 2874 1738 2958 Κυρείνᾳ
1767 2865 2220 2954 Ἀλέξανδρον,
2269 2865 2429 2956 ἀγο-

268 2955 738 3042 ρανομήσαντα
782 2895 1108 3044 ἑξάμηνον
1146 2952 1431 3034 εὐτόνως
1474 2960 1587 3022 καὶ
1619 2955 2138 3036 πολυδαπάνως,
2185 2980 2427 3042 κουρα-

266 3039 671 3126 τορεύσαντα
715 3043 834 3106 τοῦ
876 3043 1011 3107 τῶν
1050 3036 1388 3123 Ῥωμαίων
1417 3046 1769 3125 κονβέντσυ
1803 3092 1817 3105 .
1854 3091 1869 3106 .
1902 3066 1957 3106 κ.
1983 3066 2038 3108 τ.
2071 3042 2126 3105 λ.
2195 3063 2427 3109 nomen

267 3147 308 3195 a
345 3128 595 3194 Flaviis
641 3133 965 3212 sumptum
1009 3129 1177 3194 tituli
1221 3135 1500 3194 aetatem
1543 3131 1678 3195 fere
1724 3127 1965 3194 definit.
2122 3126 2428 3194 discimus

269 3211 455 3280 haec:
501 3232 656 3295 crgo
687 3212 921 3278 Graeci
951 3213 1214 3279 civitate
1247 3213 1469 3279 donati
1500 3214 1879 3296 magistratu
1906 3212 2086 3293 fungi
2131 3220 2431 3295 poterant

272 3303 652 3379 conventus3
699 3298 763 3363 in
812 3297 934 3364 hoc
979 3299 1117 3364 solo
1164 3299 1348 3364 titulo
1379 3298 1674 3365 Graecae
1716 3298 1997 3364 civitatis
2041 3299 2427 3363 vocabulum

273 3388 616 3450 conventus
659 3382 1021 3449 adhibetur.
1111 3384 1178 3448 in
1210 3383 1541 3450 Tralliano
1589 3384 1773 3450 titulo
1814 3383 1986 3449 idem
2019 3384 2429 3465 magistratus

273 3467 499 3534 dicitur
521 3465 1089 3551 ,,κσυρατορεὺσας
1118 3470 1251 3531 τῶν
1275 3461 1677 3550 εΡωμαίωνςζ.
1746 3470 1993 3535 scilicet
2022 3467 2194 3549 quod
2226 3469 2427 3533 muni-

275 3552 563 3636 cipiis'C.
580 3554 655 3618 Β.
685 3554 1015 3636 proprium
1050 3561 1146 3620 est
1174 3555 1504 3620 nominum
1551 3564 1725 3622 certa
1767 3574 2009 3636 norma,
2057 3551 2240 3618 deest
2284 3573 2428 3620 con·

440 3823 488 3887 1)
525 3819 779 3875 conferas
821 3820 1041 3887 Journal
1087 3821 1148 3875 of
1191 3821 1331 3875 Hell.
1371 3822 1579 3876 studies
1618 3822 1670 3875 X
1705 3840 1758 3892 p.
1799 3826 1881 3877 58.
1954 3821 2214 3903 imprimis
2251 3821 2428 3876 Benn-

278 3887 420 3943 dorfii
455 3889 789 3944 relationem.
936 3892 987 3954 2)
1023 3887 1257 3943 Viereck
1292 3904 1347 3943 n.
1385 3890 1613 3945 XXVII.
1755 3895 1807 3957 3)
1841 3890 2045 3946 saeculi
2080 3890 2134 3943 II
2169 3896 2296 3944 ante
2331 3890 2428 3944 Ch.

279 3970 385 4011 esse
429 3956 646 4011 videtur
694 3957 1029 4026 Erythraeus
1078 3956 1272 4012 titulus
1319 3957 1437 4012 hic:
1490 3953 1523 4015 ὃ
1574 3962 1750 4031 δῆμος
1798 3954 2050 4030 Μάρκον
2090 3954 2431 4015 Κοσκώνιον

278 4027 450 4081 Γαίου
483 4021 626 4091 υἱὸν,
655 4019 966 4108 Ῥωμαῖον,
1001 4017 1207 4094 ἆρετῆς
1242 4023 1437 4084 ἕνεκεν
1470 4027 1720 4092 (bulletin
1747 4028 1825 4081 1v
1842 4045 1895 4097 p.
1921 4032 2054 4091 156).
2093 4022 2433 4096 ,,Ῥωμαῖος“

279 4108 376 4147 non
409 4093 515 4149 nisi
550 4093 609 4148 in
653 4093 1057 4163 antiquioribus
1102 4094 1277 4149 titulis
1324 4095 1530 4150 nomini
1565 4096 1694 4151 civis
1741 4097 1808 4151 R.
1847 4096 2177 4165 negotiantis
2211 4099 2266 4149 in
2304 4095 2431 4150 civi-

279 4166 378 4216 tate
414 4162 629 4217 Graeca
665 4161 884 4217 additur
916 4164 981 4216 ut
1011 4160 1069 4215 in
1104 4161 1359 4218 Rheneae
1392 4164 1608 4219 insulae
1646 4165 1818 4236 cippis
1855 4164 2269 4234 sepulcralibus.
