2984 4875
1143 409 1522 471 -9-

256 576 517 641 mellam
551 575 801 641 invenis
838 579 865 638 1
902 575 1104 659 praef.
1142 578 1251 640 18:
1299 572 1757 657 „nundinarum
1790 575 1974 635 eliam
2008 572 2405 641 conventus“.

255 661 489 727 Festus
531 681 594 743 p.
649 665 719 723 41
798 655 1185 745 conventu-sp
1246 669 1545 744 quattuor
1588 656 1791 720 modis
1836 658 2240 741 e‘ntelliqitur:
2285 680 2406 724 uno

256 765 396 807 cum
442 743 770 828 quemlibet
813 745 1119 807 hominem
1165 744 1239 807 ab
1286 743 1499 828 ale‘quo
1543 753 1904 807 conventum
1947 765 2081 806 esse
2123 744 2406 823 dicimus,

256 832 466 893 altero
510 850 646 893 cum
689 827 1082 914 significatur
1124 826 1452 892 multitudo
1499 849 1587 889 θα)
1617 828 2035 911 compluribus
2073 830 2404 912 qeneribus

251 915 566 977 hominum
585 917 626 992 ¹)
695 924 1021 977 contracta
1088 917 1151 976 in
1216 934 1402 978 unum
1460 914 1692 996 locum,
1753 915 1942 976 tertio
1997 935 2134 978 cum
2193 937 2231 978 a
2274 937 2403 979 ma-

248 1000 619 1083 qzktratibus
664 1000 884 1063 iudicii
924 1021 1112 1063 causa
1164 999 1435 1083 populus
1479 1010 1928 1083 conpr-cyclum
1990 1010 2218 1086 quarto
2263 1022 2399 1064 cum

249 1087 520 1170 aliquem
578 1087 644 1147 in
710 1085 913 1148 locum
951 1083 1331 1170 frequentia
1390 1084 1705 1148 hominum
1760 1085 2231 1169 supplicationis
2297 1096 2407 1149 aut

244 1172 696 1253 yratulaticnis·
738 1191 926 1234 causa
971 1167 1346 1253 colliqicurf‘

425 1263 737 1340 quotquot
766 1258 878 1322 alii
923 1257 1051 1322 loci
1083 1257 1302 1339 colligi
1333 1262 1602 1339 possunt
1631 1257 2035 1322 consentiunt
2077 1277 2396 1341 „conven-

247 1340 428 1407 tum“
474 1362 614 1408 esse
647 1342 956 1420 coetum2)
1002 1341 1201 1425 (quod
1230 1342 1402 1408 idem
1436 1349 1552 1424 est,
1599 1343 1821 1418 co-ire)
1872 1341 2201 1408 hominum
2233 1344 2397 1409 eius·

249 1428 399 1493 dem
446 1429 541 1492 rei
586 1447 781 1494 causa
837 1428 1090 1492 factum.
1182 1428 1304 1493 hoc
1361 1426 1636 1510 quadrat
1692 1427 1776 1492 ad
1835 1446 1946 1493 eos
2004 1429 2114 1510 qui
2174 1428 2398 1495 iudicii

245 1512 532 1597 petendi,
580 1513 690 1595 qui
719 1513 1092 1596 negotiandi
1134 1532 1330 1579 causa
1371 1514 1438 1577 in
1482 1513 1694 1578 locum
1725 1520 2158 1578 convenerunt
2202 1515 2397 1596 quive

246 1600 382 1663 alia
426 1599 507 1665 de
554 1618 767 1681 causa,
813 1604 883 1662 ut
924 1600 1291 1681 nuptiarum
1323 1597 1849 1664 celebrandarum
1884 1618 2036 1680 ergo
2084 1603 2179 1674 (ut
2221 1599 2395 1682 apud

247 1683 569 1749 Catullum
617 1690 967 1749 conventus
1026 1682 1260 1749 dicitnr
1318 1684 1681 1766 frequentia
1739 1685 2044 1767 nuptialis
2101 1685 2170 1749 in
2214 1684 2398 1750 Pelei

246 1770 482 1846 domo).
510 1805 590 1813 —
636 1776 706 1833 ut
727 1769 1180 1835 Mommsenius
1223 1775 1441 1835 censet
1485 1774 1868 1835 conventum
1901 1769 1970 1835 G.
2004 1770 2078 1834 R.
2113 1769 2397 1835 denomi-

243 1861 462 1920 natum
523 1874 665 1920 esse
723 1875 764 1919 a
821 1856 1189 1920 territoriali
1256 1855 1681 1934 iudicatione,
1751 1855 1845 1921 sic
1911 1855 2229 1920 exstiterit
2288 1856 2400 1938 qui

246 1938 498 2022 credat,
544 1941 627 2006 ab
672 1940 802 2004 illis
836 1941 1255 2005 conventibus
1300 1959 1416 2023 per
1456 1939 1721 2022 aliquod
1768 1947 2020 2023 tempus
2065 1941 2176 2022 qui
2218 1940 2394 2020 fiant,

244 2043 478 2091 nomen
523 2027 852 2108 accepisse
898 2033 1148 2091 coetum
1195 2025 1263 2091 C.
1291 2027 1363 2090 R.
1413 2026 1593 2090 cuius
1639 2031 1990 2091 conventus
2045 2033 2392 2108 perpetuus

245 2111 348 2176 sit.
385 2152 390 2159 -
438 2110 764 2176 addiderit
807 2111 983 2177 cives
1015 2110 1112 2192 R„
1158 2116 1501 2194 antequam
1547 2117 1754 2176 terrae
1800 2112 1866 2175 in
1910 2112 2135 2194 populi
2167 2112 2240 2176 R.
2285 2113 2400 2175 im-

243 2196 495 2279 perium
540 2197 848 2279 venerint,
895 2216 963 2261 re
1012 2215 1167 2261 vera
1207 2204 1558 2262 conventus
1601 2214 1720 2280 per
1762 2197 2009 2279 aliquot
2054 2194 2193 2262 dies
2240 2197 2395 2262 effe-

247 2284 413 2347 cisse
457 2281 520 2345 in
588 2282 741 2346 foris
795 2283 1278 2365 peregrinorum
1331 2282 1717 2365 populorum
1773 2289 1842 2346 ut
1901 2282 2121 2363 „cives
2165 2283 2240 2346 R.
2287 2283 2397 2365 qui

243 2365 700 2432 Noviodunum
748 2364 1222 2432 convenerant“
1281 2369 1454 2451 ap'ud
1505 2365 1866 2432 Caesarem.
1956 2365 2194 2432 deinde
2250 2387 2391 2433 cum

245 2453 311 2517 in
356 2454 703 2537 provinciis
747 2454 973 2536 populi
1019 2454 1092 2518 R.
1140 2454 1434 2537 perpetui
1493 2461 1844 2519 conventus
1888 2451 2146 2537 fierent,
2194 2460 2393 2519 trans-

243 2539 444 2603 latum
492 2558 633 2603 esse
678 2538 1082 2604 vocabulum.
1172 2544 1240 2603 at
1281 2558 1424 2603 cum
1470 2540 1537 2602 in
1582 2535 2017 2620 ,‚conventus“
2048 2558 2210 2605 voce
2241 2545 2395 2604 tem-

420 2742 467 2802 1)
505 2738 704 2793 Caesar
737 2740 879 2793 idem
916 2740 982 2794 de
1016 2754 1168 2793 conv.
1197 2738 1335 2793 0.R.
1373 2738 1618 2793 Uticensi
1651 2739 1798 2794 dicit.
2008 2744 2059 2806 2)
2099 2746 2399 2796 conventus

240 2807 353 2869 vel,
398 2807 505 2860 alia
546 2809 924 2864 terminatione
972 2808 1242 2874 adbibita,
1289 2808 1569 2861 conventio
1608 2809 1828 2873 (contio)
1874 2812 1929 2861 et
1965 2812 2152 2863 coetus
2188 2824 2402 2878 semper

240 2880 591 2932 servaverunt
626 2892 745 2930 eam
779 2879 900 2941 vim,
937 2891 1075 2944 quae
1110 2891 1177 2928 ex
1212 2879 1389 2944 etymo
1427 2877 1776 2944 consequitur
1809 2877 1955 2938 (licet
1988 2877 2046 2931 in
2077 2878 2194 2945 ipso
2220 2883 2399 2947 etymo

239 2960 353 2999 non
386 2943 521 2998 insit
552 2946 809 3014 temporis
846 2945 989 3013 quod
1024 2944 1136 2998 dixi
1170 2943 1430 3009 definitio,
1463 2951 1644 2997 tamen
1669 2944 1911 2998 homines
1947 2946 2039 3013 qui
2075 2947 2402 3000 conveniunt

242 3014 441 3067 coeunt
476 3013 546 3066 ad
580 3028 693 3067 rem
732 3028 1067 3067 communem
1102 3014 1393 3079 agendam,
1440 3013 1544 3066 hac
1579 3028 1638 3066 re
1674 3012 1807 3066 satis
1844 3013 2089 3066 discussa
2126 3013 2401 3068 discedere

240 3081 436 3144 solent,
474 3081 528 3133 id
563 3086 648 3136 est
683 3088 902 3145 coetus,
950 3084 1244 3135 conventus
1279 3081 1484 3149 proprii
1521 3080 1776 3134 dicuntur
1812 3083 2252 3148 congregationes
2287 3098 2398 3136 non

238 3152 569 3218 perpetuae).
643 3165 781 3219 quae
815 3150 1035 3218 irrepsit
1070 3149 1127 3202 in
1162 3150 1483 3202 vocabulum
1522 3152 1817 3203 conventus
1855 3165 1976 3203 cum
2001 3150 2199 3202 dicitur
2232 3166 2402 3215 „con-

236 3224 437 3271 ventus
475 3217 651 3286 C.R.“
685 3218 764 3272 vis
802 3218 1009 3286 collegii
1032 3233 1141 3271 non
1164 3217 1339 3286 tetigit
1361 3219 1526 3271 verba
1550 3217 1644 3270 illa
1666 3216 1870 3270 affinia.
1924 3224 2204 3285 praeterea
2240 3234 2399 3286 prae-

236 3291 323 3340 ter
357 3292 716 3352 „conventum
753 3286 930 3341 C.R.“
977 3302 1144 3339 unum
1186 3292 1396 3339 tantum
1445 3286 1747 3353 exemplum
1786 3286 1996 3353 collegii
2030 3292 2400 3351 „conventus“

238 3353 370 3408 dicti
392 3353 571 3408 inveni
608 3359 748 3418 [nam
775 3354 1003 3409 concilia
1039 3368 1176 3421 quae
1203 3353 1341 3407 fiunt
1364 3355 1433 3408 ad
1455 3356 1712 3422 templum
1738 3370 1835 3407 seu
1857 3352 2118 3408 dioecesis
2143 3355 2401 3408 iuridicae

237 3426 320 3487 (ut
352 3422 410 3475 in
432 3422 715 3490 Hispania)
751 3438 847 3477 seu
881 3422 1189 3491 provinciae
1223 3423 1390 3476 totius
1426 3425 1508 3486 (ut
1534 3423 1718 3476 Trium
1744 3422 2061 3487 Galliarum)
2097 3437 2235 3492 quae
2271 3438 2399 3477 con-

235 3495 429 3544 ventus
465 3491 733 3545 interdum
758 3492 1011 3545 dicuntur
1044 3494 1116 3559 (p.
1148 3494 1229 3558 14)
1263 3507 1372 3544 non
1408 3496 1670 3559 perpetua
1706 3494 1832 3545 sunt
1868 3497 1937 3553 et,
1974 3491 2101 3544 licet
2133 3505 2402 3558 personae

233 3560 353 3613 vice
389 3558 524 3623 sint,
569 3574 629 3613 re
664 3574 793 3613 vera
828 3574 1115 3628 personam
1150 3560 1420 3613 sustinent
1453 3564 1666 3613 tantum
1714 3561 1784 3614 ad
1826 3574 1985 3613 sacra
2017 3558 2266 3613 facienda
2302 3573 2399 3613 sen

233 3626 687 3690 iurisdictionem,
732 3643 858 3681 nam
906 3629 962 3682 in
1011 3629 1202 3682 ceteris
1251 3628 1414 3682 rebus
1451 3628 1693 3694 singulae
1729 3632 2025 3681 conventus
2063 3628 2305 3681 civitates
2340 3642 2400 3681 se

235 3696 390 3763 ipsae
426 3695 823 3761 administrant]
861 3699 1222 3760 „conventum
1258 3698 1664 3760 matronalem“,
1701 3696 1792 3764 qui
1828 3700 1912 3749 est
1935 3710 2132 3763 corpus
2157 3696 2238 3749 vel
2266 3695 2399 3750 ordo

232 3765 606 3816 matronarum
631 3765 890 3817 nobilium
917 3781 1036 3818 cum
1061 3770 1254 3818 senatu
1279 3779 1378 3818 suo
1403 3768 1459 3817 et
1484 3766 1637 3817 curia
1673 3764 1812 3827 (vide
1837 3762 2245 3818 Friedlaenderi
2268 3763 2395 3816 hist.

233 3846 445 3885 morum
482 3831 550 3884 R.
586 3831 638 3884 1⁵
670 3848 725 3899 p.
764 3836 900 3898 423).
974 3836 1342 3898 „conventus“
1389 3833 1585 3886 dicitur
1628 3833 1732 3887 hoc
1768 3847 1965 3901 corpus
2002 3832 2057 3885 ni
2090 3832 2252 3886 fallor
2287 3832 2397 3900 pri·

232 3912 380 3952 mum
404 3900 551 3967 apud
577 3899 833 3954 Senecam
869 3902 955 3965 (de
979 3901 1337 3967 matrimonio)
1360 3900 1443 3954 111
1465 3918 1520 3969 p.
1547 3904 1665 3964 428,
1690 3905 1755 3955 49
1779 3901 2005 3966 (Haasii)
2041 3929 2108 3938 -
2143 3900 2396 3968 „contio“

232 3967 482 4022 vocabuli
527 3967 606 4022 vis
653 3969 732 4022 ita
777 3967 997 4022 definita
1040 3970 1300 4037 paulatim
1348 3974 1432 4023 est
1479 3975 1540 4022 ut
1576 3970 1878 4037 „significet
1923 3974 2244 4023 conventum
2284 3983 2396 4021 non

231 4041 415 4089 tamen
450 4035 614 4089 alium
649 4051 811 4104 quam
848 4053 968 4091 eum
1040 4038 1096 4091 ui
1137 4042 1204 4103 [a]
1241 4040 1562 4106 magistratu
1587 4038 1667 4090 vel
1692 4051 1726 4090 a
1750 4037 2033 4091 sacerdote
2056 4037 2273 4104 publico
2299 4048 2397 4103 per

230 4112 556 4172 praeconem
582 4109 949 4159 convocatur“
972 4112 987 4165 (
1044 4112 1190 4160 estus
1215 4122 1267 4175 p.
1297 4111 1399 4169 38).
1462 4106 1710 4160 conferas
1737 4105 1839 4159 Sci
1865 4106 1930 4159 de
1955 4104 2393 4159 Bacchanalibus

233 4172 615 4237 „coventionid
652 4173 1001 4228 exdeicatis“.
