2984 4875
1479 377 1861 438 ...6.-

587 562 722 609 rem
755 541 914 609 dicit
943 541 1213 625 „sorum
1259 541 1488 626 aqere“
1537 542 1647 621 (ad
1676 544 1957 611 Atticum
1988 545 2065 626 V,
2098 547 2169 606 21
2212 547 2249 621 5
2281 547 2353 627 93
2401 545 2476 627 V,
2513 547 2590 609 16
2622 547 2659 621 5
2693 550 2758 627 4,

588 629 696 711 VI,
729 631 767 691 2
799 630 834 704 5
865 629 927 705 4)
973 626 1408 710 „conventus“
1454 630 1649 712 igitur
1678 631 1955 714 primum
1987 634 2085 696 est
2116 626 2531 713 „iudicium“,
2579 632 2757 713 quod

591 721 763 781 recte
811 711 1004 797 „agi“
1052 713 1315 797 dicitur,
1375 715 1667 781 conferas
1712 715 1799 781 ad
1843 714 2043 781 famil.
2091 714 2206 798 III,
2256 717 2292 779 8
2340 718 2377 792 5
2422 718 2491 780 ὃς
2539 735 2760 799 „meus

587 808 919 861 conventus
962 808 1104 860 erat
1144 796 1502 880 Apameae,
1549 798 1915 883 Synnadae,
1962 798 2330 862 Philomelii
2336 823 2358 875 ,-
2404 810 2546 863 tuus
2589 801 2757 885 (Ap-

588 885 764 967 pium
811 882 970 950 dicit
1013 884 1376 969 praesidem
1422 882 1674 959 Suriae)
1727 885 1919 946 Tarsi
1957 884 2135 962 (VIII
2181 885 2265 950 id.
2301 891 2422 952 oct.
2459 885 2755 969 703l51);

587 972 624 1046 5
671 974 708 1033 5
754 970 1066 1046 (eiusdem
1111 970 1480 1052 epistolae):
1529 970 1939 1052 Laodiceam,
1995 970 2373 1055 Apameam,
2420 970 2756 1055 Synnada,

588 1053 1062 1137 Philomelium,
1085 1054 1373 1120 Iconium
1399 1062 1747 1121 enumerat.
1774 1089 1848 1099 —
1876 1054 1960 1121 ad
1984 1056 2182 1120 famil.
2210 1056 2352 1137 XV,
2372 1061 2410 1119 4
2435 1059 2472 1133 5
2492 1059 2561 1120 2:
2585 1057 2758 1123 Lao·

589 1138 795 1222 dicea,
843 1140 1155 1224 Apamea,
1204 1137 1533 1223 Synnada,
1579 1141 2037 1207 Philomelium
2084 1140 2428 1219 (decembr.
2473 1141 2757 1224 703l51),

585 1224 671 1290 ad
715 1225 908 1290 Attic.
954 1225 1029 1307 V,
1081 1228 1159 1289 16
1205 1227 1241 1301 5
1287 1228 1325 1287 2
1381 1225 1741 1308 Laodicea,
1800 1227 2124 1309 Apamea,
2183 1225 2495 1310 Synnada
2554 1229 2635 1305 (a.
2684 1227 2755 1292 d.

586 1309 793 1376 IIIlIV
824 1309 909 1374 id.
943 1308 1170 1376 Sextil.
1207 1309 1464 1391 703l51)
1501 1312 1611 1376 ubi
1641 1310 2209 1377 Philomeliensem
2256 1318 2321 1377 et
2348 1312 2758 1379 Iconiensem

586 1400 970 1462 conventum
999 1416 1128 1461 non
1159 1397 1446 1461 nominat
1467 1396 1553 1461 ad
1600 1416 1760 1479 quos
1792 1396 2073 1462 nondum
2105 1397 2282 1462 venit
2313 1417 2390 1463 eo
2422 1403 2754 1480 tempore3

591 1481 695 1559 (cf.
757 1481 1154 1547 itinerarium
1212 1482 1376 1547 infra
1434 1481 1853 1566 adscriptum)
1872 1483 1934 1558 ¹).
1994 1518 2078 1527 —
2134 1481 2222 1547 ad
2273 1482 2465 1549 Attic.
2512 1482 2589 1565 V,
2635 1485 2752 1546 20:

584 1564 904 1650 Ephesus,
948 1566 1308 1648 Laodicea,
1356 1567 1669 1650 Apamea,
1718 1566 2046 1650 Synnada,
2092 1566 2566 1649 Philomelium,
2610 1567 2757 1634 Ico-

582 1652 758 1716 nium
791 1649 1104 1727 (decemb.
1140 1651 1428 1735 703l51);
1461 1653 1823 1735 publicanis
1856 1652 2032 1718 Sami
2065 1659 2449 1718 conventum
2480 1653 2755 1737 praebet

586 1736 695 1815 (ad
725 1736 874 1801 fam.
906 1736 1022 1819 III,
1057 1738 1093 1800 8
1127 1739 1164 1813 5
1197 1741 1272 1820 43
1318 1737 1402 1803 ad
1430 1737 1561 1803 Att.
1596 1737 1670 1820 V,
1706 1740 1841 1819 13);
1888 1739 2116 1819 elucet,
2160 1739 2521 1820 ubicunque
2566 1758 2753 1823 prae-

581 1828 681 1887 tor
726 1841 809 1887 ex
853 1821 1080 1887 itinere
1120 1828 1400 1888 moratur
1443 1824 1808 1906 accipitque
1852 1823 2208 1905 legationes
2253 1824 2606 1906 civitatum,
2655 1823 2754 1888 di-

584 1906 855 1974 cendum
888 1926 1029 1973 esse
1062 1927 1207 1973 eum
1239 1914 1667 1989 „conventum
1709 1903 2072 1974 habuisse“.
2104 1945 2187 1955 —
2218 1907 2393 1991 qnod
2422 1908 2488 1973 in
2520 1907 2755 1974 eadem

582 1992 860 2074 epistula
903 1991 1074 2069 (fam.
1107 1993 1222 2075 ΙΠ,
1257 1996 1320 2071 8)
1366 2001 1429 2058 et
1475 1994 1756 2076 quinque
1809 1999 1875 2059 et
1917 1999 2046 2060 tres
2090 1999 2441 2060 conventus
2484 1994 2751 2071 (mensis

582 2077 883 2152 octobris)
932 2095 1052 2142 nec
1094 2098 1220 2142 non
1252 2086 1623 2161 conventus,
1669 2098 1831 2161 quos
1875 2097 2092 2145 mense
2123 2078 2451 2144 decembri
2504 2078 2753 2160 habuit,

583 2183 736 2228 mox
766 2181 983 2229 omnes
1010 2183 1160 2229 mox
1182 2183 1308 2228 non
1334 2183 1555 2230 omnes
1587 2170 1933 2247 enumerat,
1964 2165 2055 2229 nil
2086 2164 2295 2230 refert.
2321 2200 2403 2209 —-
2426 2185 2489 2248 p.
2513 2164 2751 2230 Flacco

582 2250 619 2324 5
652 2252 763 2312 71:
809 2266 924 2309 cur
966 2266 1091 2309 non
1122 2245 1438 2331 Perqami,
1488 2247 1820 2332 Smyrnae,
1861 2248 2174 2311 Trallibus
2213 2249 2604 2332 (neqote'aris)
2647 2247 2761 2310 ubi

580 2342 642 2393 et
685 2331 871 2395 multi
909 2332 1072 2394 cives
1117 2332 1197 2394 R.
1243 2343 1389 2396 sunt
1430 2344 1494 2395 et
1537 2335 1634 2396 ius
1675 2354 1716 2396 a
1757 2343 1976 2396 nostro
2021 2335 2391 2417 maqistratu
2434 2331 2705 2396 dicitur?

748 2418 878 2484 alia
921 2418 1083 2484 ratio
1132 2426 1483 2486 conventus
1531 2419 1815 2487 habendi
1869 2419 2252 2488 describitur
2296 2421 2363 2486 in
2406 2420 2593 2505 epist.
2661 2418 2753 2487 ad

580 2504 770 2569 Attio.
806 2503 880 2586 V,
915 2506 991 2567 21
1028 2507 1064 2581 5
1097 2509 1135 2570 9
1183 2502 1369 2587 (idib.
1400 2505 1740 2572 februariis
1774 2509 2060 2586 704s50):
2090 2503 2324 2588 forum
2354 2506 2749 2568 institueram

579 2608 768 2669 apere
799 2587 1196 2653 Laodiceae:
1238 2587 1662 2674 Cibyraticum
1692 2601 1755 2652 et
1786 2592 2188 2673 Apameam-e,
2220 2610 2308 2651 ea:
2337 2590 2539 2652 idibus
2567 2590 2745 2652 Mar-

576 2675 705 2735 tiis·
738 2672 964 2736 ibidem
1022 2671 1459 2759 Synnadense,
1512 2674 1982 2759 Pamphylium,
2028 2672 2453 2758 Lycaoniam,
2502 2674 2741 2738 Isauri-

576 2759 790 2837 cum2).
836 2795 919 2805 —
966 2759 1091 2827 hoc
1135 2762 1190 2826 si
1239 2762 1491 2828 confers
1551 2782 1695 2827 cum
1754 2762 2035 2845 epistula
2090 2760 2174 2826 ad
2218 2760 2367 2826 fam.
2415 2761 2530 2842 111,
2573 2763 2610 2825 8
2658 2762 2746 2838 (v.

578 2846 817 2928 supra),
864 2845 1047 2911 vides
1092 2854 1459 2930 praetorem
1504 2868 1657 2912 mox
1702 2867 1818 2930 per
1864 2846 2151 2929 singulas
2196 2846 2555 2925 civitates⁸)
2599 2866 2746 2913 con-

577 2937 841 2996 ventum
889 2932 1099 3014 egisse
1147 2933 1264 3006 (sic
1297 2930 1523 2998 Cicero
1555 2931 1968 3015 proficiscens
1999 2932 2065 2995 in
2096 2930 2435 3013 Ciliciam),
2484 2952 2636 2997 mox
2678 2931 2746 2996 in

580 3035 773 3080 unam
818 3016 1043 3082 urbem
1088 3036 1173 3082 ex
1217 3018 1364 3083 aliis
1397 3018 1662 3083 urbibus
1694 3017 2021 3100 litigantes
2053 3035 2361 3082 evocasse
2405 3017 2498 3093 (ut
2520 3016 2744 3082 Cicero

576 3100 835 3167 rediens
881 3120 917 3167 e
962 3101 1237 3175 Cilicia).
1328 3122 1443 3168 seu
1503 3103 1682 3168 illam
1740 3121 1855 3168 sen
1914 3102 2079 3168 hanc
2122 3102 2436 3168 rationem
2490 3106 2746 3184 praetor

576 3186 983 3268 sequebatur,
1031 3206 1114 3253 ex
1156 3207 1271 3254 suo
1302 3188 1569 3253 arbitrio
1600 3188 1811 3254 locum
1843 3193 2196 3253 conventus
2226 3185 2541 3253 edicebat.
2609 3188 2742 3252 nul·

574 3271 709 3336 lum
740 3278 966 3338 ‚exstat
1009 3273 1350 3355 vestigium
1373 3322 1389 3355 ,
1448 3269 1884 3356 „conventus“
1933 3272 2064 3338 dici
2095 3273 2517 3354 territorium,
2565 3273 2743 3339 cuius

576 3356 874 3423 civitates
904 3357 970 3422 in
1002 3356 1229 3423 eodem
1261 3358 1404 3424 loco
1436 3359 1536 3423 ius
1567 3357 1932 3440 acceperint
1962 3359 2054 3435 (ut
2082 3357 2256 3440 apud
2299 3357 2624 3432 Plinium).
2661 3392 2744 3402 —-

572 3461 695 3507 nec
741 3440 1201 3526 διοίκησις,
1261 3462 1387 3525 quo
1433 3443 1633 3508 verbo
1680 3442 1904 3508 Cicero
1965 3444 2222 3525 saepius
2280 3442 2506 3520 utitur,
2566 3442 2743 3507 aliud

575 3526 895 3610 significat
940 3546 1130 3629 quam
1162 3530 1490 3611 regionem
1533 3529 1639 3594 vel
1671 3529 2030 3609 civitatem3
2079 3527 2368 3593 conferas
2398 3525 2593 3593 haec:
2639 3525 2742 3592 Oi-

576 3631 722 3677 cero
770 3609 1134 3698 ὁιοικησεις
1178 3613 1335 3679 dicit
1377 3613 1705 3696 regionem
1751 3612 2203 3695 Cibyraticam,
2249 3612 2740 3696 Apameensem,

754 3797 798 3859 1)
840 3793 1031 3848 Samus
1066 3824 1132 3833 —
1168 3794 1421 3863 Ephesus
1469 3826 1537 3834 —
1582 3795 1858 3849 Laodicea
1903 3826 1968 3834 -
2003 3795 2249 3863 Apamea
2284 3826 2348 3834 -—
2388 3796 2642 3866 Synnada
2678 3826 2743 3835 —

574 3861 947 3916 Philomelium
982 3891 1048 3900 --
1082 3861 1342 3917 Iconium.
1487 3866 1538 3927 2)
1580 3863 1721 3917 conf.
1758 3863 1829 3918 ad
1862 3864 2032 3918 Attio.
2073 3863 2164 3930 VI,
2202 3866 2233 3918 2
2271 3866 2302 3931 5
2341 3869 2401 3918 4:
2439 3870 2602 3933 atque
2637 3864 2742 3918 hoc

572 3929 721 3993 foro,
759 3930 902 3998 quod
940 3930 1025 3995 egi
1063 3945 1130 3983 ex
1152 3930 1333 3985 idibus
1368 3929 1657 3986 februariis
1693 3932 1997 3987 Laodiceae
2029 3933 2100 3986 ad
2135 3931 2258 3987 Kal.
2297 3931 2472 3986 Maias
2508 3933 2743 3986 omnium

575 3998 904 4053 dioecesium
928 4003 1145 4066 praeter
1169 3998 1387 4053 Ciliciae
1408 4041 1421 4054 .
1447 4042 1459 4054 .
1483 4043 1497 4054 .
1521 4040 1535 4052 .
1674 4003 1726 4065 3)
1762 4000 1898 4056 haec
1925 3999 2312 4055 iurisdictionis
2351 4001 2562 4055 videtur
2594 4001 2745 4069 prior

572 4067 715 4120 ratio
752 4064 949 4131 fuisse,
1005 4083 1129 4121 cum
1172 4075 1395 4136 praetor
1440 4068 1528 4122 ius
1576 4068 1780 4124 diceret
1824 4070 1947 4125 loco
1983 4068 2373 4124 iurisdictionis
2410 4083 2548 4137 quae
2583 4072 2744 4122 antea

573 4148 607 4187 a
642 4134 863 4202 singulis
903 4134 1207 4190 civitatibus
1245 4136 1614 4190 exercebatur.
