<?xml version="1.0" encoding="UTF-8"?>
<!DOCTYPE html PUBLIC "-//W3C//DTD XHTML 1.0 Transitional//EN"
    "http://www.w3.org/TR/xhtml1/DTD/xhtml1-transitional.dtd">
<html xmlns="http://www.w3.org/1999/xhtml" xml:lang="en" lang="en">
 <head>
  <title>
</title>
<meta http-equiv="Content-Type" content="text/html;charset=utf-8" />
  <meta name='ocr-system' content='tesseract 3.04.00' />
  <meta name='ocr-capabilities' content='ocr_page ocr_carea ocr_par ocr_line ocrx_word'/>
</head>
<body>
  <div class='ocr_page' id='page_1' title='image "./deconventibusci00adolgoog_0021.png"; bbox 0 0 2984 4875; ppageno 0'>
   <div class='ocr_carea' id='block_1_1' title="bbox 1119 385 1546 448">
    <p class='ocr_par' dir='ltr' id='par_1_1' title="bbox 1119 385 1546 448">
     <span class='ocr_line' id='line_1_1' title="bbox 1119 385 1546 448; baseline 0.005 -21"><span class='ocrx_word' id='word_1_1' title='bbox 1119 385 1546 448; x_wconf 77' lang='lat'>—17-</span> 
     </span>
    </p>
   </div>
   <div class='ocr_carea' id='block_1_2' title="bbox 212 549 2425 4125">
    <p class='ocr_par' dir='ltr' id='par_1_2' title="bbox 212 549 2425 4125">
     <span class='ocr_line' id='line_1_2' title="bbox 212 549 2409 636; baseline 0 -19"><span class='ocrx_word' id='word_1_2' title='bbox 212 549 480 617; x_wconf 81' lang='lat' dir='ltr'>tandus</span> <span class='ocrx_word' id='word_1_3' title='bbox 540 552 622 616; x_wconf 92' lang='lat' dir='ltr'>sit</span> <span class='ocrx_word' id='word_1_4' title='bbox 681 554 850 627; x_wconf 88' lang='lat' dir='ltr'>(cum</span> <span class='ocrx_word' id='word_1_5' title='bbox 910 557 1260 617; x_wconf 85' lang='lat' dir='ltr'>conventus</span> <span class='ocrx_word' id='word_1_6' title='bbox 1305 551 1376 618; x_wconf 86' lang='lat' dir='ltr'>C.</span> <span class='ocrx_word' id='word_1_7' title='bbox 1411 553 1486 617; x_wconf 92' lang='lat' dir='ltr'>R.</span> <span class='ocrx_word' id='word_1_8' title='bbox 1533 559 1813 635; x_wconf 79' lang='lat' dir='ltr'>nequeat</span> <span class='ocrx_word' id='word_1_9' title='bbox 1858 551 2409 636; x_wconf 85' lang='lat' dir='ltr'>comprehendere</span> 
     </span>
     <span class='ocr_line' id='line_1_3' title="bbox 220 636 2407 722; baseline 0 -20"><span class='ocrx_word' id='word_1_10' title='bbox 220 637 445 702; x_wconf 80' lang='lat' dir='ltr'>etiam</span> <span class='ocrx_word' id='word_1_11' title='bbox 490 637 907 720; x_wconf 90' lang='lat' dir='ltr'>municipium</span> <span class='ocrx_word' id='word_1_12' title='bbox 954 636 1024 703; x_wconf 87' lang='lat' dir='ltr'>C.</span> <span class='ocrx_word' id='word_1_13' title='bbox 1049 637 1148 713; x_wconf 87' lang='lat' dir='ltr'>R.)</span> <span class='ocrx_word' id='word_1_14' title='bbox 1193 657 1296 703; x_wconf 91' lang='lat' dir='ltr'>res</span> <span class='ocrx_word' id='word_1_15' title='bbox 1341 638 1519 722; x_wconf 88' lang='lat' dir='ltr'>ipsa,</span> <span class='ocrx_word' id='word_1_16' title='bbox 1566 638 1635 703; x_wconf 93' lang='lat' dir='ltr'>id</span> <span class='ocrx_word' id='word_1_17' title='bbox 1682 645 1778 703; x_wconf 90' lang='lat' dir='ltr'>est</span> <span class='ocrx_word' id='word_1_18' title='bbox 1824 638 2168 720; x_wconf 79' lang='lat' dir='ltr'>collegium</span> <span class='ocrx_word' id='word_1_19' title='bbox 2210 656 2407 719; x_wconf 87' lang='lat' dir='ltr'>nego-</span> 
     </span>
     <span class='ocr_line' id='line_1_4' title="bbox 214 721 2406 805; baseline 0 -20"><span class='ocrx_word' id='word_1_20' title='bbox 214 722 545 786; x_wconf 86' lang='lat' dir='ltr'>tiatorum</span> <span class='ocrx_word' id='word_1_21' title='bbox 603 722 905 804; x_wconf 87' lang='lat' dir='ltr'>Raetiae,</span> <span class='ocrx_word' id='word_1_22' title='bbox 964 721 1276 789; x_wconf 88' lang='lat' dir='ltr'>mansisse</span> <span class='ocrx_word' id='word_1_23' title='bbox 1331 724 1423 799; x_wconf 90' lang='lat' dir='ltr'>(ut</span> <span class='ocrx_word' id='word_1_24' title='bbox 1466 723 1943 805; x_wconf 88' lang='lat' dir='ltr'>„negotiatores</span> <span class='ocrx_word' id='word_1_25' title='bbox 2005 742 2186 805; x_wconf 74' lang='lat' dir='ltr'>proV.</span> <span class='ocrx_word' id='word_1_26' title='bbox 2232 722 2406 805; x_wconf 90' lang='lat' dir='ltr'>Apu-</span> 
     </span>
     <span class='ocr_line' id='line_1_5' title="bbox 218 804 2404 891; baseline 0 -20"><span class='ocrx_word' id='word_1_27' title='bbox 218 804 490 872; x_wconf 78' lang='lat' dir='ltr'>lensis“</span> <span class='ocrx_word' id='word_1_28' title='bbox 547 807 973 873; x_wconf 85' lang='lat' dir='ltr'>inveniuntur.</span> <span class='ocrx_word' id='word_1_29' title='bbox 1064 827 1126 871; x_wconf 76' lang='lat' dir='ltr'>V.</span> <span class='ocrx_word' id='word_1_30' title='bbox 1175 808 1363 882; x_wconf 87' lang='lat' dir='ltr'>infra)</span> <span class='ocrx_word' id='word_1_31' title='bbox 1422 809 1547 873; x_wconf 89' lang='lat' dir='ltr'>nisi</span> <span class='ocrx_word' id='word_1_32' title='bbox 1606 808 1769 873; x_wconf 90' lang='lat' dir='ltr'>forte</span> <span class='ocrx_word' id='word_1_33' title='bbox 1825 807 2165 891; x_wconf 89' lang='lat' dir='ltr'>plerosque</span> <span class='ocrx_word' id='word_1_34' title='bbox 2210 826 2404 889; x_wconf 89' lang='lat' dir='ltr'>nego-</span> 
     </span>
     <span class='ocr_line' id='line_1_6' title="bbox 220 891 2409 976; baseline 0.001 -20"><span class='ocrx_word' id='word_1_35' title='bbox 220 893 514 957; x_wconf 86' lang='lat' dir='ltr'>tiatores</span> <span class='ocrx_word' id='word_1_36' title='bbox 558 891 643 957; x_wconf 91' lang='lat' dir='ltr'>ad</span> <span class='ocrx_word' id='word_1_37' title='bbox 705 893 983 974; x_wconf 90' lang='lat' dir='ltr'>collegia</span> <span class='ocrx_word' id='word_1_38' title='bbox 1040 893 1458 975; x_wconf 75' lang='lat' dir='ltr'>municipalia</span> <span class='ocrx_word' id='word_1_39' title='bbox 1515 893 1581 957; x_wconf 94' lang='lat' dir='ltr'>in</span> <span class='ocrx_word' id='word_1_40' title='bbox 1647 893 1997 976; x_wconf 89' lang='lat' dir='ltr'>municipio</span> <span class='ocrx_word' id='word_1_41' title='bbox 2043 893 2157 957; x_wconf 90' lang='lat' dir='ltr'>illo</span> <span class='ocrx_word' id='word_1_42' title='bbox 2204 893 2409 958; x_wconf 86' lang='lat' dir='ltr'>coisse</span> 
     </span>
     <span class='ocr_line' id='line_1_7' title="bbox 223 977 2411 1061; baseline 0 -21"><span class='ocrx_word' id='word_1_43' title='bbox 223 977 458 1041; x_wconf 86' lang='lat' dir='ltr'>mavis</span> <span class='ocrx_word' id='word_1_44' title='bbox 525 977 818 1058; x_wconf 88' lang='lat' dir='ltr'>credere,</span> <span class='ocrx_word' id='word_1_45' title='bbox 887 979 980 1042; x_wconf 85' lang='lat' dir='ltr'>ita</span> <span class='ocrx_word' id='word_1_46' title='bbox 1045 983 1114 1043; x_wconf 91' lang='lat' dir='ltr'>ut</span> <span class='ocrx_word' id='word_1_47' title='bbox 1169 978 1362 1061; x_wconf 91' lang='lat' dir='ltr'>pauci</span> <span class='ocrx_word' id='word_1_48' title='bbox 1423 979 1478 1043; x_wconf 92' lang='lat' dir='ltr'>si</span> <span class='ocrx_word' id='word_1_49' title='bbox 1536 979 1648 1060; x_wconf 91' lang='lat' dir='ltr'>qui</span> <span class='ocrx_word' id='word_1_50' title='bbox 1710 979 1776 1042; x_wconf 92' lang='lat' dir='ltr'>in</span> <span class='ocrx_word' id='word_1_51' title='bbox 1842 977 2005 1043; x_wconf 85' lang='lat' dir='ltr'>vicis</span> <span class='ocrx_word' id='word_1_52' title='bbox 2062 977 2411 1042; x_wconf 90' lang='lat' dir='ltr'>manebant</span> 
     </span>
     <span class='ocr_line' id='line_1_8' title="bbox 225 1061 2409 1144; baseline -0 -17"><span class='ocrx_word' id='word_1_53' title='bbox 225 1081 435 1127; x_wconf 84' lang='lat' dir='ltr'>suum</span> <span class='ocrx_word' id='word_1_54' title='bbox 515 1063 857 1144; x_wconf 87' lang='lat' dir='ltr'>collegium</span> <span class='ocrx_word' id='word_1_55' title='bbox 937 1064 1067 1128; x_wconf 92' lang='lat' dir='ltr'>iam</span> <span class='ocrx_word' id='word_1_56' title='bbox 1144 1083 1272 1129; x_wconf 91' lang='lat' dir='ltr'>non</span> <span class='ocrx_word' id='word_1_57' title='bbox 1347 1061 1703 1128; x_wconf 89' lang='lat' dir='ltr'>habuerint.</span> <span class='ocrx_word' id='word_1_58' title='bbox 1771 1097 1856 1108; x_wconf 95' lang='lat'><strong>—</strong></span> <span class='ocrx_word' id='word_1_59' title='bbox 1925 1062 2008 1128; x_wconf 90' lang='lat' dir='ltr'>de</span> <span class='ocrx_word' id='word_1_60' title='bbox 2090 1070 2409 1128; x_wconf 85' lang='lat' dir='ltr'>conventu</span> 
     </span>
     <span class='ocr_line' id='line_1_9' title="bbox 225 1146 2407 1230; baseline 0.001 -20"><span class='ocrx_word' id='word_1_61' title='bbox 225 1151 575 1212; x_wconf 85' lang='lat' dir='ltr'>aratorum</span> <span class='ocrx_word' id='word_1_62' title='bbox 648 1146 735 1213; x_wconf 90' lang='lat' dir='ltr'>ad</span> <span class='ocrx_word' id='word_1_63' title='bbox 816 1149 1134 1213; x_wconf 91' lang='lat' dir='ltr'>coloniam</span> <span class='ocrx_word' id='word_1_64' title='bbox 1217 1149 1628 1214; x_wconf 80' lang='lat' dir='ltr'>constitutam</span> <span class='ocrx_word' id='word_1_65' title='bbox 1709 1147 1997 1230; x_wconf 85' lang='lat' dir='ltr'>Capuam</span> <span class='ocrx_word' id='word_1_66' title='bbox 2088 1153 2407 1228; x_wconf 87' lang='lat' dir='ltr'>manente,</span> 
     </span>
     <span class='ocr_line' id='line_1_10' title="bbox 226 1231 2409 1316; baseline 0.001 -21"><span class='ocrx_word' id='word_1_67' title='bbox 226 1232 418 1296; x_wconf 88' lang='lat' dir='ltr'>infra</span> <span class='ocrx_word' id='word_1_68' title='bbox 461 1232 571 1296; x_wconf 93' lang='lat' dir='ltr'>ubi</span> <span class='ocrx_word' id='word_1_69' title='bbox 602 1232 685 1298; x_wconf 90' lang='lat' dir='ltr'>de</span> <span class='ocrx_word' id='word_1_70' title='bbox 717 1231 1023 1315; x_wconf 87' lang='lat' dir='ltr'>Capuano</span> <span class='ocrx_word' id='word_1_71' title='bbox 1054 1240 1374 1299; x_wconf 86' lang='lat' dir='ltr'>conventu</span> <span class='ocrx_word' id='word_1_72' title='bbox 1416 1253 1628 1316; x_wconf 87' lang='lat' dir='ltr'>agam,</span> <span class='ocrx_word' id='word_1_73' title='bbox 1676 1232 2039 1315; x_wconf 83' lang='lat' dir='ltr'>disputabo.</span> <span class='ocrx_word' id='word_1_74' title='bbox 2076 1268 2157 1278; x_wconf 95' lang='lat'>—</span> <span class='ocrx_word' id='word_1_75' title='bbox 2185 1234 2218 1296; x_wconf 89' lang='lat' dir='ltr'><strong>f</strong></span> <span class='ocrx_word' id='word_1_76' title='bbox 2228 1234 2409 1297; x_wconf 91' lang='lat' dir='ltr'>ines</span> 
     </span>
     <span class='ocr_line' id='line_1_11' title="bbox 228 1318 2410 1400; baseline -0 -17"><span class='ocrx_word' id='word_1_77' title='bbox 228 1324 697 1383; x_wconf 81' lang='lat' dir='ltr'>conventus</span> <span class='ocrx_word' id='word_1_78' title='bbox 757 1318 993 1383; x_wconf 79' lang='lat' dir='ltr'>civium</span> <span class='ocrx_word' id='word_1_79' title='bbox 1054 1319 1164 1400; x_wconf 91' lang='lat' dir='ltr'>qui</span> <span class='ocrx_word' id='word_1_80' title='bbox 1221 1319 1288 1382; x_wconf 92' lang='lat' dir='ltr'>in</span> <span class='ocrx_word' id='word_1_81' title='bbox 1351 1319 1613 1383; x_wconf 88' lang='lat' dir='ltr'>civitate</span> <span class='ocrx_word' id='word_1_82' title='bbox 1658 1318 1971 1394; x_wconf 85' lang='lat' dir='ltr'>incolunt,</span> <span class='ocrx_word' id='word_1_83' title='bbox 2043 1324 2190 1384; x_wconf 91' lang='lat' dir='ltr'>sunt</span> <span class='ocrx_word' id='word_1_84' title='bbox 2254 1318 2410 1382; x_wconf 85' lang='lat' dir='ltr'>civi-</span> 
     </span>
     <span class='ocr_line' id='line_1_12' title="bbox 233 1401 2408 1484; baseline -0 -17"><span class='ocrx_word' id='word_1_85' title='bbox 233 1403 404 1467; x_wconf 84' lang='lat' dir='ltr'>tatis</span> <span class='ocrx_word' id='word_1_86' title='bbox 449 1401 608 1467; x_wconf 88' lang='lat' dir='ltr'>fines</span> <span class='ocrx_word' id='word_1_87' title='bbox 637 1404 1098 1484; x_wconf 88' lang='lat' dir='ltr'>(territorium),</span> <span class='ocrx_word' id='word_1_88' title='bbox 1131 1404 1306 1469; x_wconf 88' lang='lat' dir='ltr'>cives</span> <span class='ocrx_word' id='word_1_89' title='bbox 1339 1411 1691 1470; x_wconf 86' lang='lat' dir='ltr'>conventus</span> <span class='ocrx_word' id='word_1_90' title='bbox 1735 1403 1950 1469; x_wconf 83' lang='lat' dir='ltr'>vicani</span> <span class='ocrx_word' id='word_1_91' title='bbox 1996 1423 2181 1469; x_wconf 89' lang='lat' dir='ltr'>suum</span> <span class='ocrx_word' id='word_1_92' title='bbox 2228 1403 2408 1468; x_wconf 87' lang='lat' dir='ltr'>terri·</span> 
     </span>
     <span class='ocr_line' id='line_1_13' title="bbox 231 1486 2408 1571; baseline 0 -19"><span class='ocrx_word' id='word_1_93' title='bbox 231 1488 484 1553; x_wconf 91' lang='lat' dir='ltr'>torium</span> <span class='ocrx_word' id='word_1_94' title='bbox 534 1486 790 1553; x_wconf 89' lang='lat' dir='ltr'>habent.</span> <span class='ocrx_word' id='word_1_95' title='bbox 830 1489 1126 1570; x_wconf 90' lang='lat' dir='ltr'>-quis</span> <span class='ocrx_word' id='word_1_96' title='bbox 1172 1488 1267 1553; x_wconf 91' lang='lat' dir='ltr'>ad</span> <span class='ocrx_word' id='word_1_97' title='bbox 1328 1496 1816 1554; x_wconf 87' lang='lat' dir='ltr'>conventum</span> <span class='ocrx_word' id='word_1_98' title='bbox 1871 1488 2408 1571; x_wconf 87' lang='lat' dir='ltr'>pertinuerit,</span> 
     </span>
     <span class='ocr_line' id='line_1_14' title="bbox 234 1570 2410 1656; baseline -0.001 -17"><span class='ocrx_word' id='word_1_99' title='bbox 234 1573 346 1639; x_wconf 85' lang='lat' dir='ltr'>sic</span> <span class='ocrx_word' id='word_1_100' title='bbox 391 1570 858 1637; x_wconf 87' lang='lat' dir='ltr'>definiendum:</span> <span class='ocrx_word' id='word_1_101' title='bbox 919 1574 1029 1656; x_wconf 92' lang='lat' dir='ltr'>qui</span> <span class='ocrx_word' id='word_1_102' title='bbox 1087 1575 1256 1637; x_wconf 91' lang='lat' dir='ltr'>intra</span> <span class='ocrx_word' id='word_1_103' title='bbox 1309 1572 1468 1639; x_wconf 89' lang='lat' dir='ltr'>fines</span> <span class='ocrx_word' id='word_1_104' title='bbox 1528 1580 1878 1639; x_wconf 87' lang='lat' dir='ltr'>conventus</span> <span class='ocrx_word' id='word_1_105' title='bbox 1938 1572 2135 1638; x_wconf 89' lang='lat' dir='ltr'>habet</span> <span class='ocrx_word' id='word_1_106' title='bbox 2189 1573 2410 1638; x_wconf 89' lang='lat' dir='ltr'>sedem</span> 
     </span>
     <span class='ocr_line' id='line_1_15' title="bbox 236 1657 2410 1741; baseline 0 -19"><span class='ocrx_word' id='word_1_107' title='bbox 236 1657 799 1740; x_wconf 80' lang='lat' dir='ltr'>domiciliumque.</span> <span class='ocrx_word' id='word_1_108' title='bbox 890 1679 1036 1723; x_wconf 91' lang='lat' dir='ltr'>nam</span> <span class='ocrx_word' id='word_1_109' title='bbox 1083 1659 1415 1741; x_wconf 88' lang='lat' dir='ltr'>municeps</span> <span class='ocrx_word' id='word_1_110' title='bbox 1465 1665 1563 1723; x_wconf 87' lang='lat' dir='ltr'>est</span> <span class='ocrx_word' id='word_1_111' title='bbox 1610 1658 1718 1741; x_wconf 93' lang='lat' dir='ltr'>qui</span> <span class='ocrx_word' id='word_1_112' title='bbox 1766 1658 1986 1723; x_wconf 89' lang='lat' dir='ltr'>sedem</span> <span class='ocrx_word' id='word_1_113' title='bbox 2019 1657 2410 1739; x_wconf 90' lang='lat' dir='ltr'>domumque</span> 
     </span>
     <span class='ocr_line' id='line_1_16' title="bbox 232 1742 2410 1826; baseline -0 -19"><span class='ocrx_word' id='word_1_114' title='bbox 232 1742 451 1807; x_wconf 90' lang='lat' dir='ltr'>habet</span> <span class='ocrx_word' id='word_1_115' title='bbox 522 1743 588 1806; x_wconf 91' lang='lat' dir='ltr'>in</span> <span class='ocrx_word' id='word_1_116' title='bbox 655 1744 1025 1826; x_wconf 91' lang='lat' dir='ltr'>municipio.</span> <span class='ocrx_word' id='word_1_117' title='bbox 1141 1742 1265 1808; x_wconf 90' lang='lat' dir='ltr'>hoc</span> <span class='ocrx_word' id='word_1_118' title='bbox 1329 1743 1415 1808; x_wconf 91' lang='lat' dir='ltr'>ad</span> <span class='ocrx_word' id='word_1_119' title='bbox 1483 1749 1869 1808; x_wconf 87' lang='lat' dir='ltr'>conventum</span> <span class='ocrx_word' id='word_1_120' title='bbox 1949 1742 2410 1826; x_wconf 90' lang='lat' dir='ltr'>adhibendum,</span> 
     </span>
     <span class='ocr_line' id='line_1_17' title="bbox 235 1823 2413 1912; baseline -0.001 -17"><span class='ocrx_word' id='word_1_121' title='bbox 235 1827 503 1895; x_wconf 90' lang='lat' dir='ltr'>scilicet</span> <span class='ocrx_word' id='word_1_122' title='bbox 560 1829 652 1892; x_wconf 91' lang='lat' dir='ltr'>ita</span> <span class='ocrx_word' id='word_1_123' title='bbox 710 1836 781 1893; x_wconf 90' lang='lat' dir='ltr'>ut</span> <span class='ocrx_word' id='word_1_124' title='bbox 838 1849 957 1911; x_wconf 89' lang='lat' dir='ltr'>pro</span> <span class='ocrx_word' id='word_1_125' title='bbox 1004 1823 1281 1910; x_wconf 88' lang='lat' dir='ltr'>„domo“</span> <span class='ocrx_word' id='word_1_126' title='bbox 1341 1829 1760 1894; x_wconf 82' lang='lat' dir='ltr'>substituatur</span> <span class='ocrx_word' id='word_1_127' title='bbox 1816 1824 2298 1912; x_wconf 90' lang='lat' dir='ltr'>„domicilium“</span> <span class='ocrx_word' id='word_1_128' title='bbox 2343 1834 2413 1892; x_wconf 91' lang='lat' dir='ltr'>ut</span> 
     </span>
     <span class='ocr_line' id='line_1_18' title="bbox 233 1909 2410 1997; baseline 0 -20"><span class='ocrx_word' id='word_1_129' title='bbox 233 1933 372 1997; x_wconf 87' lang='lat' dir='ltr'>pro</span> <span class='ocrx_word' id='word_1_130' title='bbox 418 1910 855 1996; x_wconf 90' lang='lat' dir='ltr'>„municipio“</span> <span class='ocrx_word' id='word_1_131' title='bbox 905 1909 1338 1997; x_wconf 86' lang='lat' dir='ltr'>„conventus“</span> <span class='ocrx_word' id='word_1_132' title='bbox 1386 1916 1677 1996; x_wconf 91' lang='lat' dir='ltr'>(possunt</span> <span class='ocrx_word' id='word_1_133' title='bbox 1709 1914 1885 1979; x_wconf 85' lang='lat' dir='ltr'>cives</span> <span class='ocrx_word' id='word_1_134' title='bbox 1916 1913 1990 1977; x_wconf 92' lang='lat' dir='ltr'>R.</span> <span class='ocrx_word' id='word_1_135' title='bbox 2040 1917 2410 1993; x_wconf 77' lang='lat' dir='ltr'>conventuS,</span> 
     </span>
     <span class='ocr_line' id='line_1_19' title="bbox 239 1993 2412 2083; baseline 0 -20"><span class='ocrx_word' id='word_1_136' title='bbox 239 2000 394 2065; x_wconf 83' lang='lat' dir='ltr'>iure</span> <span class='ocrx_word' id='word_1_137' title='bbox 441 2000 808 2063; x_wconf 91' lang='lat' dir='ltr'>commercii</span> <span class='ocrx_word' id='word_1_138' title='bbox 857 1993 1197 2083; x_wconf 74' lang='grc' dir='ltr'><strong><em>[ἔγκτησις]</em></strong></span> <span class='ocrx_word' id='word_1_139' title='bbox 1245 2000 1620 2082; x_wconf 83' lang='lat' dir='ltr'>impetra-to,</span> <span class='ocrx_word' id='word_1_140' title='bbox 1666 1999 2128 2081; x_wconf 86' lang='lat' dir='ltr'>proprietatem</span> <span class='ocrx_word' id='word_1_141' title='bbox 2172 1997 2412 2063; x_wconf 88' lang='lat' dir='ltr'>habere</span> 
     </span>
     <span class='ocr_line' id='line_1_20' title="bbox 237 2079 2415 2167; baseline -0.001 -18"><span class='ocrx_word' id='word_1_142' title='bbox 237 2084 594 2149; x_wconf 86' lang='lat' dir='ltr'>territorii:</span> <span class='ocrx_word' id='word_1_143' title='bbox 663 2084 756 2149; x_wconf 92' lang='lat' dir='ltr'>sic</span> <span class='ocrx_word' id='word_1_144' title='bbox 821 2084 886 2148; x_wconf 91' lang='lat' dir='ltr'>in</span> <span class='ocrx_word' id='word_1_145' title='bbox 956 2082 1089 2149; x_wconf 81' lang='lat' dir='ltr'>Coo</span> <span class='ocrx_word' id='word_1_146' title='bbox 1149 2091 1465 2149; x_wconf 84' lang='lat' dir='ltr'>conventu</span> <span class='ocrx_word' id='word_1_147' title='bbox 1548 2092 1693 2149; x_wconf 91' lang='lat' dir='ltr'>sunt</span> <span class='ocrx_word' id='word_1_148' title='bbox 1750 2092 1815 2148; x_wconf 90' lang='lat' dir='ltr'>et</span> <span class='ocrx_word' id='word_1_149' title='bbox 1874 2079 2287 2167; x_wconf 76' lang='grc' dir='ltr'><strong><em>ἐνεκτημένοι</em></strong></span> <span class='ocrx_word' id='word_1_150' title='bbox 2351 2089 2415 2147; x_wconf 90' lang='lat' dir='ltr'>et</span> 
     </span>
     <span class='ocr_line' id='line_1_21' title="bbox 241 2164 2414 2253; baseline 0 -22"><span class='ocrx_word' id='word_1_151' title='bbox 241 2169 691 2252; x_wconf 75' lang='grc' dir='ltr'><em>γεωργεῦντες</em></span> <span class='ocrx_word' id='word_1_152' title='bbox 718 2164 978 2251; x_wconf 80' lang='lat' dir='ltr'>[coloni]</span> <span class='ocrx_word' id='word_1_153' title='bbox 1001 2191 1017 2252; x_wconf 91' lang='lat'>;</span> <span class='ocrx_word' id='word_1_154' title='bbox 1043 2176 1323 2234; x_wconf 90' lang='lat' dir='ltr'>ceterum</span> <span class='ocrx_word' id='word_1_155' title='bbox 1349 2170 1808 2253; x_wconf 88' lang='lat' dir='ltr'>proprietatem</span> <span class='ocrx_word' id='word_1_156' title='bbox 1832 2188 1915 2232; x_wconf 91' lang='lat' dir='ltr'>an</span> <span class='ocrx_word' id='word_1_157' title='bbox 1940 2168 2414 2251; x_wconf 88' lang='lat' dir='ltr'>possessionem</span> 
     </span>
     <span class='ocr_line' id='line_1_22' title="bbox 246 2253 2415 2335; baseline -0 -16"><span class='ocrx_word' id='word_1_158' title='bbox 246 2254 499 2319; x_wconf 89' lang='lat' dir='ltr'>habeat</span> <span class='ocrx_word' id='word_1_159' title='bbox 560 2262 910 2319; x_wconf 85' lang='lat' dir='ltr'>conventus</span> <span class='ocrx_word' id='word_1_160' title='bbox 969 2255 1125 2319; x_wconf 91' lang='lat' dir='ltr'>iuris</span> <span class='ocrx_word' id='word_1_161' title='bbox 1184 2253 1531 2319; x_wconf 87' lang='lat' dir='ltr'>discrimen</span> <span class='ocrx_word' id='word_1_162' title='bbox 1588 2274 1714 2319; x_wconf 89' lang='lat' dir='ltr'>non</span> <span class='ocrx_word' id='word_1_163' title='bbox 1779 2254 1963 2335; x_wconf 89' lang='lat' dir='ltr'>facit,</span> <span class='ocrx_word' id='word_1_164' title='bbox 2020 2273 2163 2318; x_wconf 90' lang='lat' dir='ltr'>cum</span> <span class='ocrx_word' id='word_1_165' title='bbox 2222 2253 2415 2318; x_wconf 88' lang='lat' dir='ltr'>etiam</span> 
     </span>
     <span class='ocr_line' id='line_1_23' title="bbox 241 2338 2414 2423; baseline 0 -19"><span class='ocrx_word' id='word_1_166' title='bbox 241 2339 615 2423; x_wconf 88' lang='lat' dir='ltr'>proprietas</span> <span class='ocrx_word' id='word_1_167' title='bbox 661 2340 800 2422; x_wconf 90' lang='lat' dir='ltr'>agri</span> <span class='ocrx_word' id='word_1_168' title='bbox 846 2359 973 2404; x_wconf 91' lang='lat' dir='ltr'>non</span> <span class='ocrx_word' id='word_1_169' title='bbox 1018 2359 1102 2404; x_wconf 84' lang='lat' dir='ltr'>ex</span> <span class='ocrx_word' id='word_1_170' title='bbox 1144 2339 1283 2403; x_wconf 90' lang='lat' dir='ltr'>iure</span> <span class='ocrx_word' id='word_1_171' title='bbox 1329 2339 1594 2420; x_wconf 88' lang='lat' dir='ltr'>originis</span> <span class='ocrx_word' id='word_1_172' title='bbox 1626 2338 1740 2403; x_wconf 89' lang='lat' dir='ltr'>sed</span> <span class='ocrx_word' id='word_1_173' title='bbox 1787 2358 1870 2402; x_wconf 85' lang='lat' dir='ltr'>ex</span> <span class='ocrx_word' id='word_1_174' title='bbox 1916 2338 2053 2403; x_wconf 90' lang='lat' dir='ltr'>iure</span> <span class='ocrx_word' id='word_1_175' title='bbox 2098 2338 2414 2404; x_wconf 90' lang='lat' dir='ltr'>incolatus</span> 
     </span>
     <span class='ocr_line' id='line_1_24' title="bbox 243 2422 2412 2508; baseline -0.001 -18"><span class='ocrx_word' id='word_1_176' title='bbox 243 2423 626 2508; x_wconf 85' lang='lat' dir='ltr'>repetatur).</span> <span class='ocrx_word' id='word_1_177' title='bbox 661 2458 741 2469; x_wconf 90' lang='lat'>—</span> <span class='ocrx_word' id='word_1_178' title='bbox 774 2425 883 2507; x_wconf 91' lang='lat' dir='ltr'>qui</span> <span class='ocrx_word' id='word_1_179' title='bbox 928 2424 1123 2507; x_wconf 90' lang='lat' dir='ltr'>igitur</span> <span class='ocrx_word' id='word_1_180' title='bbox 1163 2423 1563 2490; x_wconf 91' lang='lat' dir='ltr'>domicilium</span> <span class='ocrx_word' id='word_1_181' title='bbox 1594 2444 1721 2488; x_wconf 92' lang='lat' dir='ltr'>non</span> <span class='ocrx_word' id='word_1_182' title='bbox 1752 2422 1948 2489; x_wconf 89' lang='lat' dir='ltr'>habet</span> <span class='ocrx_word' id='word_1_183' title='bbox 1978 2424 2043 2487; x_wconf 91' lang='lat' dir='ltr'>in</span> <span class='ocrx_word' id='word_1_184' title='bbox 2074 2430 2412 2507; x_wconf 86' lang='lat' dir='ltr'>conventu,</span> 
     </span>
     <span class='ocr_line' id='line_1_25' title="bbox 243 2509 2413 2594; baseline -0 -19"><span class='ocrx_word' id='word_1_185' title='bbox 243 2511 517 2594; x_wconf 88' lang='lat' dir='ltr'>proprie</span> <span class='ocrx_word' id='word_1_186' title='bbox 563 2515 634 2575; x_wconf 92' lang='lat' dir='ltr'>ut</span> <span class='ocrx_word' id='word_1_187' title='bbox 677 2509 890 2575; x_wconf 91' lang='lat' dir='ltr'>dicam</span> <span class='ocrx_word' id='word_1_188' title='bbox 942 2510 1006 2574; x_wconf 90' lang='lat' dir='ltr'>in</span> <span class='ocrx_word' id='word_1_189' title='bbox 1053 2516 1369 2576; x_wconf 89' lang='lat' dir='ltr'>conventu</span> <span class='ocrx_word' id='word_1_190' title='bbox 1414 2530 1541 2575; x_wconf 90' lang='lat' dir='ltr'>non</span> <span class='ocrx_word' id='word_1_191' title='bbox 1602 2514 1728 2591; x_wconf 81' lang='lat' dir='ltr'>est&#39;,</span> <span class='ocrx_word' id='word_1_192' title='bbox 1790 2509 1907 2575; x_wconf 90' lang='lat' dir='ltr'>sed</span> <span class='ocrx_word' id='word_1_193' title='bbox 1966 2509 2231 2593; x_wconf 90' lang='lat' dir='ltr'>hospitii</span> <span class='ocrx_word' id='word_1_194' title='bbox 2275 2510 2413 2574; x_wconf 89' lang='lat' dir='ltr'>iure</span> 
     </span>
     <span class='ocr_line' id='line_1_26' title="bbox 246 2594 2409 2661; baseline 0 -1"><span class='ocrx_word' id='word_1_195' title='bbox 246 2595 342 2661; x_wconf 88' lang='lat' dir='ltr'>ad</span> <span class='ocrx_word' id='word_1_196' title='bbox 388 2614 533 2660; x_wconf 92' lang='lat' dir='ltr'>eum</span> <span class='ocrx_word' id='word_1_197' title='bbox 576 2595 829 2660; x_wconf 89' lang='lat' dir='ltr'>accedit</span> <span class='ocrx_word' id='word_1_198' title='bbox 874 2594 1026 2660; x_wconf 91' lang='lat' dir='ltr'>dum</span> <span class='ocrx_word' id='word_1_199' title='bbox 1071 2600 1352 2660; x_wconf 88' lang='lat' dir='ltr'>moratur</span> <span class='ocrx_word' id='word_1_200' title='bbox 1397 2595 1564 2659; x_wconf 86' lang='lat' dir='ltr'>inter</span> <span class='ocrx_word' id='word_1_201' title='bbox 1609 2596 1786 2660; x_wconf 85' lang='lat' dir='ltr'>cives</span> <span class='ocrx_word' id='word_1_202' title='bbox 1818 2595 1891 2658; x_wconf 89' lang='lat' dir='ltr'>R.</span> <span class='ocrx_word' id='word_1_203' title='bbox 1925 2601 2297 2661; x_wconf 88' lang='lat' dir='ltr'>conventus.</span> <span class='ocrx_word' id='word_1_204' title='bbox 2337 2628 2409 2638; x_wconf 91' lang='lat'>—</span> 
     </span>
     <span class='ocr_line' id='line_1_27' title="bbox 247 2679 2415 2764; baseline -0 -18"><span class='ocrx_word' id='word_1_205' title='bbox 247 2680 342 2746; x_wconf 87' lang='lat' dir='ltr'>ad</span> <span class='ocrx_word' id='word_1_206' title='bbox 387 2687 771 2746; x_wconf 89' lang='lat' dir='ltr'>conventum</span> <span class='ocrx_word' id='word_1_207' title='bbox 817 2681 1096 2746; x_wconf 87' lang='lat' dir='ltr'>civitatis</span> <span class='ocrx_word' id='word_1_208' title='bbox 1142 2679 1267 2746; x_wconf 90' lang='lat' dir='ltr'>hoc</span> <span class='ocrx_word' id='word_1_209' title='bbox 1313 2680 1520 2745; x_wconf 91' lang='lat' dir='ltr'>minus</span> <span class='ocrx_word' id='word_1_210' title='bbox 1567 2680 1858 2762; x_wconf 89' lang='lat' dir='ltr'>quadrat,</span> <span class='ocrx_word' id='word_1_211' title='bbox 1907 2681 2037 2762; x_wconf 88' lang='lat' dir='ltr'>qui,</span> <span class='ocrx_word' id='word_1_212' title='bbox 2084 2699 2230 2746; x_wconf 90' lang='lat' dir='ltr'>cum</span> <span class='ocrx_word' id='word_1_213' title='bbox 2274 2681 2415 2764; x_wconf 87' lang='lat' dir='ltr'>ipse</span> 
     </span>
     <span class='ocr_line' id='line_1_28' title="bbox 248 2764 2414 2849; baseline 0 -19"><span class='ocrx_word' id='word_1_214' title='bbox 248 2766 529 2849; x_wconf 89' lang='lat' dir='ltr'>incolat,</span> <span class='ocrx_word' id='word_1_215' title='bbox 597 2766 840 2831; x_wconf 88' lang='lat' dir='ltr'>incolas</span> <span class='ocrx_word' id='word_1_216' title='bbox 904 2766 1227 2847; x_wconf 88' lang='lat' dir='ltr'>legitimos</span> <span class='ocrx_word' id='word_1_217' title='bbox 1284 2785 1412 2829; x_wconf 91' lang='lat' dir='ltr'>non</span> <span class='ocrx_word' id='word_1_218' title='bbox 1469 2770 1682 2848; x_wconf 91' lang='lat' dir='ltr'>potest</span> <span class='ocrx_word' id='word_1_219' title='bbox 1750 2764 2007 2830; x_wconf 88' lang='lat' dir='ltr'>habere.</span> <span class='ocrx_word' id='word_1_220' title='bbox 2112 2765 2414 2847; x_wconf 84' lang='lat' dir='ltr'>invicem,</span> 
     </span>
     <span class='ocr_line' id='line_1_29' title="bbox 252 2848 2415 2932; baseline -0.001 -17"><span class='ocrx_word' id='word_1_221' title='bbox 252 2870 402 2916; x_wconf 90' lang='lat' dir='ltr'>cum</span> <span class='ocrx_word' id='word_1_222' title='bbox 459 2869 587 2914; x_wconf 89' lang='lat' dir='ltr'>non</span> <span class='ocrx_word' id='word_1_223' title='bbox 644 2850 854 2915; x_wconf 92' lang='lat' dir='ltr'>minus</span> <span class='ocrx_word' id='word_1_224' title='bbox 909 2870 989 2916; x_wconf 90' lang='lat' dir='ltr'>ac</span> <span class='ocrx_word' id='word_1_225' title='bbox 1047 2851 1312 2915; x_wconf 84' lang='lat' dir='ltr'>vicanus</span> <span class='ocrx_word' id='word_1_226' title='bbox 1356 2869 1490 2915; x_wconf 86' lang='lat' dir='ltr'>rem</span> <span class='ocrx_word' id='word_1_227' title='bbox 1538 2850 1863 2932; x_wconf 91' lang='lat' dir='ltr'>publicam</span> <span class='ocrx_word' id='word_1_228' title='bbox 1922 2869 2100 2915; x_wconf 90' lang='lat' dir='ltr'>suam</span> <span class='ocrx_word' id='word_1_229' title='bbox 2160 2848 2415 2931; x_wconf 88' lang='lat' dir='ltr'>habeat,</span> 
     </span>
     <span class='ocr_line' id='line_1_30' title="bbox 253 2931 2417 3020; baseline 0 -20"><span class='ocrx_word' id='word_1_230' title='bbox 253 2955 378 3020; x_wconf 93' lang='lat' dir='ltr'>pro</span> <span class='ocrx_word' id='word_1_231' title='bbox 424 2936 654 3000; x_wconf 89' lang='lat' dir='ltr'>incolis</span> <span class='ocrx_word' id='word_1_232' title='bbox 702 2934 940 3001; x_wconf 87' lang='lat' dir='ltr'>habere</span> <span class='ocrx_word' id='word_1_233' title='bbox 985 2940 1198 3020; x_wconf 90' lang='lat' dir='ltr'>potest</span> <span class='ocrx_word' id='word_1_234' title='bbox 1229 2954 1340 3000; x_wconf 88' lang='lat' dir='ltr'>eos</span> <span class='ocrx_word' id='word_1_235' title='bbox 1373 2936 1483 3017; x_wconf 90' lang='lat' dir='ltr'>qui</span> <span class='ocrx_word' id='word_1_236' title='bbox 1528 2955 1655 3000; x_wconf 89' lang='lat' dir='ltr'>non</span> <span class='ocrx_word' id='word_1_237' title='bbox 1688 2941 1757 2999; x_wconf 93' lang='lat' dir='ltr'>ut</span> <span class='ocrx_word' id='word_1_238' title='bbox 1786 2936 1877 2999; x_wconf 91' lang='lat' dir='ltr'>ita</span> <span class='ocrx_word' id='word_1_239' title='bbox 1909 2933 2121 2999; x_wconf 89' lang='lat' dir='ltr'>dicam</span> <span class='ocrx_word' id='word_1_240' title='bbox 2152 2931 2417 3015; x_wconf 87' lang='lat' dir='ltr'>„cives“</span> 
     </span>
     <span class='ocr_line' id='line_1_31' title="bbox 255 3019 2419 3103; baseline -0.002 -16"><span class='ocrx_word' id='word_1_241' title='bbox 255 3028 612 3087; x_wconf 87' lang='lat' dir='ltr'>conventus</span> <span class='ocrx_word' id='word_1_242' title='bbox 659 3026 823 3085; x_wconf 87' lang='lat' dir='ltr'>sunt.</span> <span class='ocrx_word' id='word_1_243' title='bbox 912 3020 1180 3085; x_wconf 86' lang='lat' dir='ltr'>adiuvat</span> <span class='ocrx_word' id='word_1_244' title='bbox 1223 3026 1294 3084; x_wconf 91' lang='lat' dir='ltr'>ut</span> <span class='ocrx_word' id='word_1_245' title='bbox 1338 3019 1463 3085; x_wconf 91' lang='lat' dir='ltr'>hoc</span> <span class='ocrx_word' id='word_1_246' title='bbox 1492 3021 1836 3103; x_wconf 89' lang='lat' dir='ltr'>probemus</span> <span class='ocrx_word' id='word_1_247' title='bbox 1867 3020 2173 3101; x_wconf 91' lang='lat' dir='ltr'>analogia</span> <span class='ocrx_word' id='word_1_248' title='bbox 2214 3022 2419 3102; x_wconf 89' lang='lat' dir='ltr'>petita</span> 
     </span>
     <span class='ocr_line' id='line_1_32' title="bbox 257 3103 2420 3212; baseline -0.001 -41"><span class='ocrx_word' id='word_1_249' title='bbox 257 3127 301 3171; x_wconf 91' lang='lat' dir='ltr'>a</span> <span class='ocrx_word' id='word_1_250' title='bbox 346 3104 673 3172; x_wconf 90' lang='lat' dir='ltr'>cleruchia</span> <span class='ocrx_word' id='word_1_251' title='bbox 731 3105 1001 3171; x_wconf 89' lang='lat' dir='ltr'>Deliaca</span> <span class='ocrx_word' id='word_1_252' title='bbox 1056 3106 1284 3212; x_wconf 77' lang='lat' dir='ltr'>populi</span> <span class='ocrx_word' id='word_1_253' title='bbox 1346 3105 1778 3171; x_wconf 88' lang='lat' dir='ltr'>Atheniensis.</span> <span class='ocrx_word' id='word_1_254' title='bbox 1871 3123 2037 3187; x_wconf 89' lang='lat' dir='ltr'>quae</span> <span class='ocrx_word' id='word_1_255' title='bbox 2093 3103 2420 3170; x_wconf 90' lang='lat' dir='ltr'>cleruchia</span> 
     </span>
     <span class='ocr_line' id='line_1_33' title="bbox 256 3188 2418 3274; baseline -0.001 -17"><span class='ocrx_word' id='word_1_256' title='bbox 256 3192 404 3274; x_wconf 89' lang='lat' dir='ltr'>ipsa</span> <span class='ocrx_word' id='word_1_257' title='bbox 458 3190 612 3256; x_wconf 88' lang='lat' dir='ltr'>licet</span> <span class='ocrx_word' id='word_1_258' title='bbox 675 3190 916 3256; x_wconf 90' lang='lat' dir='ltr'>incolat</span> <span class='ocrx_word' id='word_1_259' title='bbox 981 3188 1075 3271; x_wconf 90' lang='grc' dir='ltr'>(οι</span> <span class='ocrx_word' id='word_1_260' title='bbox 1140 3191 1623 3267; x_wconf 82' lang='grc' dir='ltr'><strong><em>κατοικοῦντες)</em></strong></span> <span class='ocrx_word' id='word_1_261' title='bbox 1694 3188 1891 3255; x_wconf 89' lang='lat' dir='ltr'>habet</span> <span class='ocrx_word' id='word_1_262' title='bbox 1948 3208 2058 3254; x_wconf 90' lang='lat' dir='ltr'>eos</span> <span class='ocrx_word' id='word_1_263' title='bbox 2115 3190 2227 3272; x_wconf 89' lang='lat' dir='ltr'>qui</span> <span class='ocrx_word' id='word_1_264' title='bbox 2290 3210 2418 3254; x_wconf 89' lang='lat' dir='ltr'>non</span> 
     </span>
     <span class='ocr_line' id='line_1_34' title="bbox 257 3272 2417 3360; baseline -0.001 -19"><span class='ocrx_word' id='word_1_265' title='bbox 257 3273 549 3341; x_wconf 88' lang='lat' dir='ltr'>cleruchi</span> <span class='ocrx_word' id='word_1_266' title='bbox 595 3280 740 3341; x_wconf 90' lang='lat' dir='ltr'>sunt</span> <span class='ocrx_word' id='word_1_267' title='bbox 784 3296 900 3359; x_wconf 89' lang='lat' dir='ltr'>pro</span> <span class='ocrx_word' id='word_1_268' title='bbox 945 3276 1209 3358; x_wconf 80' lang='lat' dir='ltr'>incolis3</span> <span class='ocrx_word' id='word_1_269' title='bbox 1256 3295 1383 3340; x_wconf 89' lang='lat' dir='ltr'>non</span> <span class='ocrx_word' id='word_1_270' title='bbox 1427 3294 1680 3360; x_wconf 88' lang='lat' dir='ltr'>semper</span> <span class='ocrx_word' id='word_1_271' title='bbox 1724 3274 1840 3341; x_wconf 86' lang='lat' dir='ltr'>sed</span> <span class='ocrx_word' id='word_1_272' title='bbox 1886 3272 2226 3358; x_wconf 88' lang='lat' dir='ltr'>interdum,</span> <span class='ocrx_word' id='word_1_273' title='bbox 2274 3294 2417 3340; x_wconf 91' lang='lat' dir='ltr'>cum</span> 
     </span>
     <span class='ocr_line' id='line_1_35' title="bbox 262 3358 2419 3443; baseline -0 -18"><span class='ocrx_word' id='word_1_274' title='bbox 262 3366 464 3426; x_wconf 90' lang='lat' dir='ltr'>status</span> <span class='ocrx_word' id='word_1_275' title='bbox 528 3380 655 3425; x_wconf 90' lang='lat' dir='ltr'>non</span> <span class='ocrx_word' id='word_1_276' title='bbox 712 3361 810 3426; x_wconf 90' lang='lat' dir='ltr'>ius</span> <span class='ocrx_word' id='word_1_277' title='bbox 868 3360 1368 3443; x_wconf 88' lang='lat' dir='ltr'>respiciebatur,</span> <span class='ocrx_word' id='word_1_278' title='bbox 1436 3381 1563 3426; x_wconf 92' lang='lat' dir='ltr'>non</span> <span class='ocrx_word' id='word_1_279' title='bbox 1629 3361 1837 3425; x_wconf 87' lang='lat' dir='ltr'>minus</span> <span class='ocrx_word' id='word_1_280' title='bbox 1896 3358 2180 3425; x_wconf 90' lang='lat' dir='ltr'>cleruchi</span> <span class='ocrx_word' id='word_1_281' title='bbox 2225 3379 2419 3442; x_wconf 90' lang='lat' dir='ltr'>quam</span> 
     </span>
     <span class='ocr_line' id='line_1_36' title="bbox 262 3443 2419 3528; baseline 0 -18"><span class='ocrx_word' id='word_1_282' title='bbox 262 3465 364 3511; x_wconf 63' lang='grc' dir='ltr'>ΒΧ.</span> <span class='ocrx_word' id='word_1_283' title='bbox 410 3466 470 3528; x_wconf 93' lang='lat' dir='ltr'>g.</span> <span class='ocrx_word' id='word_1_284' title='bbox 518 3445 727 3510; x_wconf 90' lang='lat' dir='ltr'>Italici</span> <span class='ocrx_word' id='word_1_285' title='bbox 774 3443 1311 3528; x_wconf 80' lang='grc' dir='ltr'><strong><em>,,κατοικοῦντες“</em></strong></span> <span class='ocrx_word' id='word_1_286' title='bbox 1359 3445 1655 3511; x_wconf 90' lang='lat' dir='ltr'>dicuntur</span> <span class='ocrx_word' id='word_1_287' title='bbox 1699 3446 1875 3523; x_wconf 89' lang='lat' dir='ltr'>(vide</span> <span class='ocrx_word' id='word_1_288' title='bbox 1906 3463 2086 3527; x_wconf 79' lang='lat' dir='ltr'>quae·</span> <span class='ocrx_word' id='word_1_289' title='bbox 2117 3444 2202 3509; x_wconf 92' lang='lat' dir='ltr'>ad</span> <span class='ocrx_word' id='word_1_290' title='bbox 2247 3445 2419 3526; x_wconf 84' lang='lat' dir='ltr'>„De-</span> 
     </span>
     <span class='ocr_line' id='line_1_37' title="bbox 261 3526 2419 3614; baseline 0 -20"><span class='ocrx_word' id='word_1_291' title='bbox 261 3531 498 3596; x_wconf 90' lang='lat' dir='ltr'>liacum</span> <span class='ocrx_word' id='word_1_292' title='bbox 545 3526 974 3595; x_wconf 87' lang='lat' dir='ltr'>conventum“</span> <span class='ocrx_word' id='word_1_293' title='bbox 1019 3532 1184 3595; x_wconf 87' lang='lat' dir='ltr'>infra</span> <span class='ocrx_word' id='word_1_294' title='bbox 1229 3532 1548 3614; x_wconf 85' lang='lat' dir='ltr'>exposui).</span> <span class='ocrx_word' id='word_1_295' title='bbox 1615 3565 1699 3574; x_wconf 89' lang='lat'>—</span> <span class='ocrx_word' id='word_1_296' title='bbox 1744 3535 2128 3596; x_wconf 87' lang='lat' dir='ltr'>conventum</span> <span class='ocrx_word' id='word_1_297' title='bbox 2173 3531 2305 3595; x_wconf 91' lang='lat' dir='ltr'>suis</span> <span class='ocrx_word' id='word_1_298' title='bbox 2349 3529 2419 3594; x_wconf 90' lang='lat' dir='ltr'>fi·</span> 
     </span>
     <span class='ocr_line' id='line_1_38' title="bbox 263 3614 2421 3699; baseline 0.001 -20"><span class='ocrx_word' id='word_1_299' title='bbox 263 3616 453 3681; x_wconf 89' lang='lat' dir='ltr'>nibus</span> <span class='ocrx_word' id='word_1_300' title='bbox 501 3614 832 3679; x_wconf 87' lang='lat' dir='ltr'>definitum</span> <span class='ocrx_word' id='word_1_301' title='bbox 878 3616 1076 3681; x_wconf 88' lang='lat' dir='ltr'>fuisse</span> <span class='ocrx_word' id='word_1_302' title='bbox 1135 3615 1327 3681; x_wconf 90' lang='lat' dir='ltr'>etiam</span> <span class='ocrx_word' id='word_1_303' title='bbox 1377 3616 1548 3699; x_wconf 89' lang='lat' dir='ltr'>quod</span> <span class='ocrx_word' id='word_1_304' title='bbox 1605 3614 1839 3681; x_wconf 90' lang='lat' dir='ltr'>dicitur</span> <span class='ocrx_word' id='word_1_305' title='bbox 1883 3635 1965 3699; x_wconf 92' lang='lat' dir='ltr'>„e</span> <span class='ocrx_word' id='word_1_306' title='bbox 2012 3622 2421 3681; x_wconf 85' lang='lat' dir='ltr'>conventu</span> 
     </span>
     <span class='ocr_line' id='line_1_39' title="bbox 267 3697 2418 3784; baseline -0.001 -18"><span class='ocrx_word' id='word_1_307' title='bbox 267 3699 337 3766; x_wconf 78' lang='lat' dir='ltr'>O.</span> <span class='ocrx_word' id='word_1_308' title='bbox 361 3701 434 3765; x_wconf 92' lang='lat' dir='ltr'>R.</span> <span class='ocrx_word' id='word_1_309' title='bbox 485 3697 935 3784; x_wconf 83' lang='lat' dir='ltr'>Syracusano“</span> <span class='ocrx_word' id='word_1_310' title='bbox 996 3720 1136 3766; x_wconf 87' lang='lat' dir='ltr'>esse</span> <span class='ocrx_word' id='word_1_311' title='bbox 1196 3706 1288 3776; x_wconf 86' lang='lat' dir='ltr'>(ut</span> <span class='ocrx_word' id='word_1_312' title='bbox 1346 3702 1723 3784; x_wconf 88' lang='lat' dir='ltr'>„municeps</span> <span class='ocrx_word' id='word_1_313' title='bbox 1770 3721 1805 3767; x_wconf 92' lang='lat' dir='ltr'>e</span> <span class='ocrx_word' id='word_1_314' title='bbox 1850 3700 2200 3783; x_wconf 89' lang='lat' dir='ltr'>municipio</span> <span class='ocrx_word' id='word_1_315' title='bbox 2246 3700 2418 3783; x_wconf 86' lang='lat' dir='ltr'>Apu-</span> 
     </span>
     <span class='ocr_line' id='line_1_40' title="bbox 263 3782 2419 3868; baseline 0 -20"><span class='ocrx_word' id='word_1_316' title='bbox 263 3782 492 3868; x_wconf 86' lang='lat' dir='ltr'>lensi“,</span> <span class='ocrx_word' id='word_1_317' title='bbox 541 3786 714 3867; x_wconf 92' lang='lat' dir='ltr'>quod</span> <span class='ocrx_word' id='word_1_318' title='bbox 760 3805 903 3851; x_wconf 91' lang='lat' dir='ltr'>cum</span> <span class='ocrx_word' id='word_1_319' title='bbox 951 3785 1205 3865; x_wconf 90' lang='lat' dir='ltr'>dicitur,</span> <span class='ocrx_word' id='word_1_320' title='bbox 1253 3786 1505 3852; x_wconf 88' lang='lat' dir='ltr'>incolae</span> <span class='ocrx_word' id='word_1_321' title='bbox 1550 3806 1678 3850; x_wconf 89' lang='lat' dir='ltr'>non</span> <span class='ocrx_word' id='word_1_322' title='bbox 1722 3786 2044 3862; x_wconf 90' lang='lat' dir='ltr'>dicuntur)</span> <span class='ocrx_word' id='word_1_323' title='bbox 2090 3792 2419 3850; x_wconf 90' lang='lat' dir='ltr'>monstrat.</span> 
     </span>
     <span class='ocr_line' id='line_1_41' title="bbox 268 3869 2421 3954; baseline -0 -20"><span class='ocrx_word' id='word_1_324' title='bbox 268 3869 393 3935; x_wconf 92' lang='lat' dir='ltr'>hoc</span> <span class='ocrx_word' id='word_1_325' title='bbox 437 3889 694 3953; x_wconf 91' lang='lat' dir='ltr'>quoque</span> <span class='ocrx_word' id='word_1_326' title='bbox 741 3871 1259 3937; x_wconf 86' lang='lat' dir='ltr'>deliberandum:</span> <span class='ocrx_word' id='word_1_327' title='bbox 1316 3878 1385 3935; x_wconf 91' lang='lat' dir='ltr'>ut</span> <span class='ocrx_word' id='word_1_328' title='bbox 1427 3878 1687 3954; x_wconf 91' lang='lat' dir='ltr'>praetor</span> <span class='ocrx_word' id='word_1_329' title='bbox 1730 3871 1976 3937; x_wconf 88' lang='lat' dir='ltr'>iudices</span> <span class='ocrx_word' id='word_1_330' title='bbox 2024 3890 2059 3936; x_wconf 89' lang='lat' dir='ltr'>e</span> <span class='ocrx_word' id='word_1_331' title='bbox 2105 3877 2421 3935; x_wconf 85' lang='lat' dir='ltr'>conventu</span> 
     </span>
     <span class='ocr_line' id='line_1_42' title="bbox 267 3955 2421 4039; baseline -0.001 -19"><span class='ocrx_word' id='word_1_332' title='bbox 267 3956 510 4037; x_wconf 87' lang='lat' dir='ltr'>eligere</span> <span class='ocrx_word' id='word_1_333' title='bbox 554 3956 788 4039; x_wconf 90' lang='lat' dir='ltr'>possit,</span> <span class='ocrx_word' id='word_1_334' title='bbox 835 3956 1034 4023; x_wconf 84' lang='lat' dir='ltr'>fuisse</span> <span class='ocrx_word' id='word_1_335' title='bbox 1082 3963 1378 4039; x_wconf 90' lang='lat' dir='ltr'>oportere</span> <span class='ocrx_word' id='word_1_336' title='bbox 1423 3956 1708 4021; x_wconf 91' lang='lat' dir='ltr'>tabulam</span> <span class='ocrx_word' id='word_1_337' title='bbox 1755 3957 1821 4020; x_wconf 90' lang='lat' dir='ltr'>in</span> <span class='ocrx_word' id='word_1_338' title='bbox 1868 3975 2026 4039; x_wconf 87' lang='lat' dir='ltr'>qua,</span> <span class='ocrx_word' id='word_1_339' title='bbox 2075 3955 2184 4036; x_wconf 90' lang='lat' dir='ltr'>qui</span> <span class='ocrx_word' id='word_1_340' title='bbox 2228 3956 2421 4039; x_wconf 90' lang='lat' dir='ltr'>perti-</span> 
     </span>
     <span class='ocr_line' id='line_1_43' title="bbox 264 4039 2425 4125; baseline -0 -21"><span class='ocrx_word' id='word_1_341' title='bbox 264 4047 462 4105; x_wconf 89' lang='lat' dir='ltr'>neant</span> <span class='ocrx_word' id='word_1_342' title='bbox 508 4040 593 4104; x_wconf 92' lang='lat' dir='ltr'>ad</span> <span class='ocrx_word' id='word_1_343' title='bbox 640 4049 1052 4124; x_wconf 84' lang='lat' dir='ltr'>conventum,</span> <span class='ocrx_word' id='word_1_344' title='bbox 1099 4042 1440 4125; x_wconf 87' lang='lat' dir='ltr'>perscripti</span> <span class='ocrx_word' id='word_1_345' title='bbox 1488 4049 1671 4106; x_wconf 86' lang='lat' dir='ltr'>erant</span> <span class='ocrx_word' id='word_1_346' title='bbox 1716 4042 1892 4107; x_wconf 85' lang='lat' dir='ltr'>cives</span> <span class='ocrx_word' id='word_1_347' title='bbox 1938 4041 2012 4104; x_wconf 86' lang='lat' dir='ltr'>R.</span> <span class='ocrx_word' id='word_1_348' title='bbox 2059 4076 2142 4085; x_wconf 90' lang='lat'>-—</span> <span class='ocrx_word' id='word_1_349' title='bbox 2188 4039 2425 4104; x_wconf 83' lang='lat' dir='ltr'>dixerit</span> 
     </span>
    </p>
   </div>
   <div class='ocr_carea' id='block_1_3' title="bbox 265 4124 2427 4278">
    <p class='ocr_par' dir='ltr' id='par_1_3' title="bbox 265 4124 2427 4278">
     <span class='ocr_line' id='line_1_44' title="bbox 265 4124 2427 4208; baseline 0 -19"><span class='ocrx_word' id='word_1_350' title='bbox 265 4126 410 4208; x_wconf 91' lang='lat' dir='ltr'>quis</span> <span class='ocrx_word' id='word_1_351' title='bbox 468 4145 547 4208; x_wconf 89' lang='lat' dir='ltr'>„e</span> <span class='ocrx_word' id='word_1_352' title='bbox 606 4134 921 4192; x_wconf 89' lang='lat' dir='ltr'>conventu</span> <span class='ocrx_word' id='word_1_353' title='bbox 982 4124 1165 4192; x_wconf 84' lang='lat' dir='ltr'>esse“</span> <span class='ocrx_word' id='word_1_354' title='bbox 1223 4146 1368 4192; x_wconf 91' lang='lat' dir='ltr'>cum</span> <span class='ocrx_word' id='word_1_355' title='bbox 1426 4126 1677 4192; x_wconf 90' lang='lat' dir='ltr'>dicatur</span> <span class='ocrx_word' id='word_1_356' title='bbox 1742 4126 1951 4191; x_wconf 86' lang='lat' dir='ltr'>videri</span> <span class='ocrx_word' id='word_1_357' title='bbox 2021 4125 2427 4206; x_wconf 89' lang='lat' dir='ltr'>originem</span> 
     </span>
     <span class='ocr_line' id='line_1_45' title="bbox 369 4225 2019 4278; baseline 0.003 -5"><span class='ocrx_word' id='word_1_358' title='bbox 369 4231 683 4275; x_wconf 85' lang='lat' dir='ltr'>Schulten.</span> <span class='ocrx_word' id='word_1_359' title='bbox 1986 4225 2019 4278; x_wconf 86' lang='lat'><strong>2</strong></span> 
     </span>
    </p>
   </div>
  </div>
 </body>
</html>
