2984 4875
382 1619 409 1668 1

380 1686 412 1736 2

382 1755 413 1805 3

381 1823 417 1872 4

380 1892 411 1941 5

381 1960 413 2008 6

381 2096 411 2147 8

379 2165 412 2215 9

1449 392 1876 454 ..20—

585 565 1119 627 commemoratur
1173 557 1330 625 ordo
1389 566 1453 626 et
1512 560 1699 642 plebs
1753 559 2089 644 municipii
2134 559 2359 641 Latini,
2405 560 2480 624 Β.
2549 560 2742 638 (conf.

583 646 653 714 O.
684 644 815 711 XII
842 665 904 728 p.
947 648 1056 727 153
1100 664 1163 728 p.
1195 644 1379 722 XIII)
1424 646 1685 728 aliaque
1728 663 1970 728 genera
2000 645 2256 727 civium,
2303 646 2370 710 in
2399 644 2501 711 his
2547 666 2741 729 „con-

582 737 812 798 ventus
859 731 1096 796 civium
1141 727 1260 794 R.“
1306 729 1390 796 de
1434 737 1649 796 aetate
1702 730 1869 795 tituli
1913 750 2041 796 non
2101 735 2379 809 constat3
2439 730 2616 813 quod
2671 731 2744 796 in

585 816 769 881 initio
815 816 1148 899 suppletur
1218 810 1482 900 domi]ni
1507 862 1522 877 .
1567 835 1706 897 unq.
1760 812 2027 877 Constare
2055 816 2175 876 tini
2215 864 2229 879 .
2277 863 2292 880 .
2338 810 2376 900 .]
2422 817 2740 882 incertum

584 908 700 982 est,
747 901 839 966 ita
884 907 954 966 ut
997 901 1188 967 Hirsc
1235 899 1470 967 feldius
1516 895 1941 985 commupe-r?
1971 949 1986 965 .
2010 948 2025 965 .
2098 901 2375 967 coniciat
2402 902 2736 976 (Kornem.

582 1007 645 1071 p.
663 988 769 1061 76)
792 992 857 1052 et
878 991 1070 1052 antea
1095 980 1266 1070 [Imp.
1297 1005 1457 1047 caes.
1499 981 1897 1086 VespasiaJm'
1915 1004 2054 1067 auq.
2082 992 2361 1052 ceterum
2394 991 2741 1069 potnerunt

586 1072 779 1137 etiam
827 1077 974 1154 post
1017 1071 1537 1137 constitutionem
1583 1071 2101 1153 Antoninianam,
2149 1091 2277 1153 qua
2320 1072 2516 1137 totius
2562 1073 2738 1138 orbis

583 1155 947 1222 hominibus
1005 1156 1333 1223 civitatem
1392 1156 1468 1221 R.
1516 1157 1733 1222 datam
1791 1176 1965 1238 esse,
2026 1155 2352 1223 IConsulti
2394 1155 2737 1239 affirmant,

586 1247 938 1308 conventus
969 1241 1040 1308 G.
1066 1241 1140 1307 R.
1187 1241 1406 1324 fuisse,
1455 1262 1601 1308 cum
1645 1242 1802 1309 satis
1848 1247 2097 1307 constet
2140 1242 2294 1316 (iam
2340 1260 2376 1307 e
2421 1242 2738 1324 diploma-

584 1328 667 1394 tis
711 1333 1161 1393 veteranorum
1222 1346 1366 1392 cum
1427 1327 1692 1392 civitate
1751 1326 1906 1392 data
1963 1327 2328 1403 missorum)
2387 1326 2544 1392 iuris
2591 1346 2739 1393 con-

583 1413 784 1480 sultos
828 1431 965 1477 rem
1006 1411 1355 1478 adauxisse
1415 1410 1522 1492 (cf.
1572 1411 1653 1479 de
1712 1413 2162 1479 constitutione
2218 1411 2334 1477 illa
2364 1412 2738 1478 Mitteisium

581 1518 646 1582 p.
683 1502 803 1563 159
829 1500 968 1580 sq.).
1059 1497 1128 1564 G.
1176 1497 1324 1581 XII,
1373 1499 1547 1571 94¹):

1873 1611 1952 1667 NI
1975 1611 2131 1668 AVG
2156 1611 2492 1667 CONSTAN

437 1697 553 1754 pro
571 1679 825 1736 VINCIA
859 1679 1083 1736 ALPIV
1085 1680 1144 1734 M
1180 1679 1417 1734 MARIT
1449 1680 1525 1734 im
1575 1680 1848 1752 municipe
1881 1681 1917 1733 S
1955 1679 2119 1735 EIVS
2154 1679 2345 1734 MVNI
2364 1680 2498 1760 cfpfi

506 1748 745 1804 mINVS
781 1748 1020 1804 MVLTI
1056 1748 1266 1818 QVAM

1291 1747 1586 1869 1ἓῩΙίητιξν
1604 1815 1615 1828 ·
1626 1747 1854 1830 decurio
1873 1748 2017 1802 NES
2040 1749 2207 1804 EIVS
2231 1748 2344 1803 MV
2355 1748 2546 1819 mozpii

574 1816 1048 1872 MVNICIPIBVS
1103 1817 1268 1872 EIVS
1352 1817 1483 1871 VNI
1502 1832 1633 1889 capu
1719 1818 1856 1873 otvzb
1874 1817 1963 1872 VS
1999 1816 2329 1871 ROMANIS

1028 1886 1149 1940 DE
1196 1883 1614 1940 OONVentu
1717 1886 1824 1941 civi
1858 1884 2400 1940 VMROmanorum
2426 1924 2770 1940 .......
2818 1925 2834 1939 .

571 1952 903 2008 ROMANIS
938 1954 1065 2021 QVI
1116 1953 1303 2008 MVN
1323 1953 1350 2006 I
1370 1952 1448 2007 01
1465 1953 1571 2006 Pii

572 2021 713 2076 BIIS
762 2022 1220 2077 BRIGANTION
1222 2021 1285 2076 IS
1333 2021 1524 2076 SVNT

505 2088 879 2144 mVNICIPII
925 2090 1212 2145 INTER
1264 2089 1534 2144 IPSOS

570 2157 600 2211 I
635 2158 789 2212 CVM
825 2158 1273 2213 PEREGRINIS
1299 2157 1466 2212 EIVS
1490 2158 1534 2211 P
1553 2157 1835 2212 rovinciae

751 2270 1065 2348 qnatenus
1122 2263 1263 2330 fieri
1319 2269 1534 2348 potest
1575 2263 1888 2347 temptavi
1936 2281 2358 2346 cognoscere,
2418 2261 2576 2345 quid
2621 2282 2738 2346 pro

582 2356 756 2417 certo
803 2351 1086 2434 suppleri
1131 2350 1354 2432 possit.
1401 2385 1485 2394 —
1530 2354 1724 2432 atque
1783 2349 1850 2412 in
1906 2348 2080 2414 linea
2126 2347 2182 2411 V
2237 2345 2361 2431 „de
2416 2341 2740 2433 conv[cntu

579 2430 827 2522 ciszum
871 2435 976 2498 Ro
1024 2485 1039 2500 .
1089 2485 1104 2500 .
1153 2431 1215 2500 .“
1275 2433 1708 2519 supplendum
1751 2453 1929 2515 esse,
1985 2453 2113 2499 non
2157 2432 2440 2499 dubium.
2515 2432 2586 2499 id
2645 2439 2742 2500 est

582 2523 862 2605 spatium
906 2522 1041 2588 fere
1072 2521 1227 2586 VIII
1267 2521 1625 2587 litterarum
1653 2525 1835 2604 patet
1865 2520 2031 2585 inter
2073 2519 2433 2601 fragmenta
2462 2527 2737 2585 servata.

583 2608 653 2671 in
707 2606 817 2671 lin.
864 2606 959 2685 ΙΙ,
1019 2625 1162 2672 cum
1220 2606 1286 2670 in
1331 2604 1440 2670 lin.
1487 2606 1586 2670 III
1640 2605 2069 2670 nominativus
2127 2602 2312 2665 multi
2362 2609 2427 2669 et
2483 2604 2595 2686 qui
2647 2605 2739 2669 in-

583 2692 911 2773 veniatur,
985 2686 1100 2774 ,‚s“
1167 2691 1384 2756 littera
1448 2689 1537 2756 ad
1590 2691 2057 2757 nominativum
2123 2689 2415 2773 pertinet.
2519 2690 2741 2772 itaque

584 2772 970 2861 [mum'ciper
1012 2775 1461 2860 supplendum,
1508 2775 1595 2841 ad
1637 2769 1855 2860 marit[
1885 2824 1899 2839 .
1933 2823 1948 2839 .
1984 2823 1999 2839 .
2046 2780 2257 2840 utrum
2303 2775 2384 2834 im
2436 2795 2521 2839 an
2576 2775 2743 2836 imur

584 2860 954 2928 addendum
996 2863 1111 2946 sit,
1158 2861 1448 2927 haereas.
1538 2862 1758 2944 itaque
1813 2860 1879 2927 X
1935 2861 2042 2926 vel
2095 2859 2227 2924 XII
2283 2860 2536 2926 litterae
2593 2878 2742 2944 sup·

585 2948 865 3032 plendae
910 2952 1074 3013 sunt.
1121 2983 1205 2992 —
1250 2948 1359 3011 lin.
1390 2947 1488 3013 ΠΙ
1530 2966 1661 3012 non
1703 2946 1912 3011 minus
1959 2951 2131 3011 certe
2177 2944 2465 3028 suppleri
2508 2950 2725 3028 potest

586 3052 730 3099 cum
787 3053 828 3097 a
885 3032 1115 3098 ceteris
1171 3032 1603 3115 municipibus
1662 3030 1819 3097 ordo
1876 3031 2303 3112 distinguatur
2358 3030 2615 3136 aliquis,
2673 2994 2742 3095 id

584 3125 683 3185 est
711 3117 1128 3184 decurionum
1160 3117 1338 3183 ordo.
1387 3151 1464 3160 —
1512 3137 1657 3183 cum
1687 3116 1890 3183 verba
1933 3115 2009 3177 (lc
2039 3110 2215 3199 conv[
2244 3164 2259 3179 .
2294 3164 2309 3180 .
2344 3110 2384 3197 .]
2437 3116 2743 3179 εισθέσει

582 3203 823 3286 scripta
867 3204 1023 3284 sint,
1085 3202 1260 3268 idem
1317 3202 1596 3286 spatium
1650 3201 1825 3285 quod
1882 3207 2032 3266 ante
2089 3199 2253 3266 haec
2296 3200 2498 3265 verba
2552 3207 2745 3266 vacat

582 3289 649 3353 in
694 3289 954 3354 sinistra
1010 3294 1225 3372 parte,
1296 3289 1489 3353 etiam
1550 3288 1619 3352 in
1675 3287 1907 3353 dextra
1952 3304 2220 3352 vacasse
2277 3304 2346 3351 se
2394 3286 2582 3351 uitur.
2672 3284 2741 3350 id

582 3379 682 3439 est
734 3373 888 3439 inde
944 3393 987 3438 a
1028 3372 1155 3439 fine
1214 3374 1554 3439 verborum
1602 3366 1874 3457 [civz]um
1933 3368 2387 3454 Romanorum
2460 3370 2740 3455 spatium

586 3458 865 3525 vacabat
932 3464 1105 3524 certe
1171 3476 1376 3541 usque
1432 3458 1519 3524 ad
1574 3478 1633 3524 a.
1693 3458 1967 3524 fortasse
2025 3456 2305 3539 amplius
2361 3455 2469 3520 vel
2526 3455 2740 3539 potius

585 3549 829 3609 certum
875 3550 972 3610 est
999 3544 1280 3627 amplius
1321 3544 1601 3628 spatium
1633 3562 1921 3624 vacasse,
1969 3562 2113 3608 cnm
2155 3541 2222 3605 in
2255 3541 2515 3606 sinistra
2557 3546 2740 3623 parte

585 3628 808 3696 titulus
854 3630 1112 3694 mutilus
1157 3630 1258 3695 sit.
1291 3665 1375 3674 —
1423 3649 1567 3695 cnm
1598 3627 1896 3693 dextrum
1939 3628 2109 3693 latus
2140 3627 2434 3691 mutilum
2463 3625 2565 3708 sit,
2612 3645 2739 3691 non

585 3721 759 3780 recte
790 3714 857 3780 in
888 3713 1173 3797 Corpore
1203 3715 1253 3779 I.
1285 3715 1494 3780 Latin.
1540 3716 1607 3778 in
1636 3714 1746 3779 lin.
1778 3713 1844 3777 H
1887 3713 2062 3774 mum·
2076 3712 2119 3792 ll
2163 3712 2230 3776 In
2275 3710 2458 3776 init-io
2502 3711 2612 3776 lin.
2644 3709 2742 3776 ΠΙ

587 3798 741 3882 cipit·
803 3799 1118 3866 scribitur.
1207 3799 1325 3867 sed
1372 3818 1454 3864 ex
1500 3819 1578 3866 eo
1625 3798 1799 3883 quod
1844 3818 1927 3864 ex
1974 3795 2238 3864 eisthesi
2282 3796 2598 3862 formulae
2662 3793 2740 3857 dc

587 3893 890 3946 conventu
948 3885 1168 3946 civium
1226 3883 1660 3946 Romanorum
1717 3882 1912 3950 modo
1969 3882 2320 3950 monstravi
2377 3880 2444 3946 in
2509 3880 2738 3948 dextro

584 3970 788 4035 latere
833 3990 1135 4052 magnam
1179 3975 1426 4054 partem
1472 3967 1737 4052 deesse,
1794 3970 2082 4052 sequitur
2127 3967 2211 4033 de
2255 3966 2381 4034 fine
2426 3966 2740 4033 linearum

760 4160 808 4223 1)
844 4152 1160 4209 conferatur
1195 4152 1483 4208 delineatio
1521 4153 2021 4223 supplementaque.

2873 1899 2907 1937 a
