2984 4875
1486 381 1870 442 —2-

598 551 850 617 sistens.
882 584 964 595 —-
997 548 1257 615 diversa
1287 555 1434 614 sunt
1463 554 1815 615 conventus
1846 566 2114 631 genera:
2159 568 2309 612 nam
2342 552 2526 613 extra
2555 545 2764 611 muni-

598 636 838 719 cipium
885 655 1051 718 quae
1097 634 1388 700 consistit
1417 634 1803 700 universitas
1836 633 1905 699 G.
1925 633 2000 698 R.
2034 633 2324 699 consistit
2366 638 2477 697 aut
2506 632 2572 696 in
2605 631 2766 696 civi-

597 728 732 787 tate
777 719 1101 804 peregrini
1147 720 1301 785 iuris
1317 720 1358 797 ¹)
1404 725 1517 785 aut
1560 719 1626 784 in
1671 719 1809 785 solo
1853 719 2014 784 nulli
2044 718 2140 783 rei
2170 718 2469 802 publicae
2498 714 2767 782 addicto

602 806 795 890 quale
842 812 940 871 est
967 805 1078 871 ubi
1110 805 1215 870 vel
1246 805 1425 869 nulla
1467 824 1571 870 res
1615 805 1879 887 publica
1923 809 2020 870 est
2061 809 2133 868 ut
2172 804 2239 866 in
2284 803 2500 867 media
2542 801 2769 867 Africa

599 892 708 958 vel
742 892 853 956 ubi
885 909 987 956 res
1015 890 1296 974 publica,
1344 910 1537 972 quam
1566 895 1762 971 negat
1788 888 2065 974 populus
2094 888 2170 953 R.
2215 906 2358 954 esse
2388 906 2523 953 rem
2552 886 2766 969 publi·

600 997 764 1044 cam.
854 976 1079 1058 quales
1136 980 1283 1041 sunt
1336 980 1563 1057 gentes
1615 974 2112 1057 Hispanienses,
2169 973 2439 1055 Libyae.
2484 1006 2568 1017 —-—
2613 991 2766 1038 con-

599 1068 832 1129 ventus
863 1062 1005 1144 ipse
1036 1061 1191 1127 licet
1220 1059 1396 1124 idem
1426 1059 1510 1125 sit
1539 1061 1604 1124 in
1635 1079 1706 1125 re
1735 1060 1997 1144 publica
2023 1059 2368 1142 peregrina
2397 1063 2461 1122 et
2493 1057 2766 1124 vicanus

597 1147 719 1223 (sic
764 1146 977 1213 dicam
1023 1150 1407 1212 conventum
1451 1165 1579 1210 non
1624 1145 1691 1209 in
1733 1145 1995 1211 civitate
2028 1142 2500 1219 consistentem)
2549 1148 2768 1207 tamen

597 1233 1013 1315 perspicuum
1060 1239 1157 1297 est
1186 1231 1352 1295 inter
1381 1236 1766 1297 conventum
1797 1236 1862 1295 et
1892 1229 2219 1296 civitatem
2259 1228 2541 1293 rationes
2571 1227 2765 1292 inter-

598 1317 829 1384 cedere
848 1367 864 1398 ,
911 1336 1077 1399 quae
1133 1313 1347 1381 desint
1387 1316 1619 1383 vicano
1665 1315 2025 1381 conventui.
2117 1320 2338 1381 contra
2381 1314 2645 1379 vicanus
2691 1311 2764 1377 id

596 1403 931 1487 proprium
963 1400 1160 1467 habet
1190 1399 1365 1483 quod
1393 1420 1463 1466 re
1496 1420 1652 1466 vera
1680 1400 2013 1485 municipii
2049 1400 2248 1466 instar
2279 1403 2393 1481 est,
2440 1418 2585 1464 cum
2616 1416 2764 1463 con-

604 1493 834 1553 ventus
881 1488 948 1552 in
993 1487 1255 1553 civitate
1301 1486 1645 1569 collegium
1690 1486 1903 1569 potius
1958 1485 2043 1551 sit
2085 1485 2455 1551 incolarum.
2544 1483 2766 1564 itaque

601 1572 1099 1654 distinguendae
1144 1577 1290 1637 sunt
1331 1573 1498 1636 istae
1542 1571 1800 1637 classes.
1838 1590 2071 1636 ·-.nec
2101 1575 2451 1636 conventus
2481 1567 2764 1635 civitatis

607 1658 901 1728 Gallicae
928 1656 1214 1723 eiusdem
1242 1662 1338 1722 est
1366 1656 1633 1721 rationis
1658 1663 1850 1739 atque
1874 1656 2050 1721 urbis
2075 1654 2363 1721 Graecae
2386 1653 2762 1734 Latinaeve‚

601 1763 771 1826 quae
818 1763 936 1826 pro
979 1742 1332 1826 municipio
1364 1740 1681 1807 habentur
1722 1741 1899 1817 (inde
1937 1741 2020 1806 ab
2051 1740 2340 1822 Augusto
2372 1737 2766 1822 legionarius

601 1850 729 1894 non
777 1829 986 1894 minus
1030 1827 1255 1893 urbem
1285 1828 1538 1892 Tralles
1569 1846 1761 1908 quam
1794 1826 2062 1891 Romam
2089 1846 2205 1910 pro
2240 1826 2485 1907 origine
2524 1822 2766 1889 babere

605 1919 822 1999 potest
866 1908 1176 1997 [Momms.
1223 1911 1304 1977 de
1351 1912 1841 1994 conscriptionis
1884 1912 2164 1992 ratione,
2209 1909 2426 1975 Herm.
2478 1904 2632 1992 22]).
2680 1942 2763 1951 —

605 2019 751 2065 cum
798 2006 1012 2064 autem
1061 1996 1370 2082 oppidum
1416 1997 1714 2062 Latinum
1758 2015 1967 2079 paene
2012 1994 2299 2061 eiusdem
2342 2001 2535 2077 atque
2581 1993 2762 2077 oppi-

603 2084 757 2149 dum
805 2083 875 2149 G.
891 2083 965 2148 R.
1013 2084 1168 2148 iuris
1213 2083 1330 2165 sit,
1390 2081 1748 2147 dubitatum
1807 2087 1933 2163 est,
1992 2100 2077 2146 an
2132 2080 2200 2145 in
2244 2080 2486 2164 oppido
2529 2079 2764 2145 Latino

606 2175 959 2235 conventus
1006 2187 1148 2234 esse
1192 2168 1488 2252 potuerit.
1568 2165 1684 2233 sed
1729 2167 1984 2232 fuerunt
2012 2165 2173 2231 tales
2205 2172 2556 2231 conventus
2587 2163 2764 2241 (vide

598 2255 809 2332 infra).
898 2253 1145 2319 ratione
1210 2260 1424 2318 tamen
1469 2251 1632 2317 baec
1673 2251 1989 2317 dubitatio
2035 2251 2383 2336 profertur,
2441 2271 2591 2315 nam
2635 2269 2762 2332 quo

601 2340 809 2422 magis
842 2339 938 2405 rei
967 2338 1269 2422 publicae
1303 2338 1541 2404 civium
1571 2337 1647 2402 R.
1681 2337 1906 2403 similis
1956 2342 2054 2403 est
2087 2336 2337 2412 civitas,
2380 2336 2447 2400 in
2493 2356 2621 2418 qua
2665 2337 2760 2399 in-

603 2425 822 2492 colunt
866 2424 1044 2492 cives
1086 2424 1184 2507 R.‚
1230 2444 1308 2489 eo
1352 2423 1562 2490 minus
1609 2443 1804 2490 causa
1848 2428 1985 2488 erat
2030 2427 2378 2489 conventus
2422 2419 2584 2487 O.R.
2619 2441 2766 2488 con-

603 2510 931 2577 stituendi.
1017 2529 1142 2592 quo
1187 2508 1277 2591 fit,
1323 2515 1394 2574 ut
1435 2509 1504 2573 in
1549 2509 1809 2575 civitate
1853 2507 2188 2574 foederata
2231 2513 2295 2573 et
2339 2526 2504 2590 quae
2548 2507 2767 2573 multis

603 2596 829 2680 populi
876 2595 949 2660 R.
1004 2593 1334 2661 beneficiis
1389 2594 1774 2676 augebatur,
1833 2592 2120 2659 Athenas
2178 2590 2357 2675 dico,
2416 2597 2766 2658 conventus

603 2681 689 2747 sit
717 2700 838 2746 nec
868 2679 1021 2745 vola
1049 2698 1169 2745 nec
1196 2679 1559 2762 vestigium.
1607 2714 1691 2723 —
1735 2698 1854 2750 nec
1885 2679 2096 2745 vicani
2140 2684 2490 2745 conventus
2536 2677 2766 2742 eadem

606 2766 848 2848 ubique
893 2765 1078 2830 ratio.
1147 2785 1295 2830 nam
1340 2783 1536 2847 saepe
1585 2769 1936 2830 conventus
1981 2784 2174 2829 unam
2219 2783 2361 2829 cum
2406 2763 2762 2845 peregrinis

607 2851 850 2917 accolis
896 2869 1032 2915 rem
1078 2850 1424 2915 constituit.
1472 2868 1573 2914 ex.
1620 2850 1830 2932 gratia
1872 2849 2193 2915 invenitur
2236 2854 2631 2931 „conventus
2677 2847 2762 2913 ci-

603 2937 785 3003 vium
815 2937 891 3001 R.
926 2941 989 3000 et
1019 2934 1441 3000 Numidarum
1486 2937 1573 3012 (v.
1608 2932 1860 3012 infra).“
1936 2933 2053 3000 sed
2097 2954 2224 2999 non
2269 2934 2478 2998 minus
2524 2939 2759 2999 certum

605 3027 704 3088 est
758 3021 1203 3103 praevaluisse
1248 3021 1314 3084 in
1360 3018 1462 3085 his
1507 3020 1668 3086 vicis
1713 3021 1890 3085 cives
1933 3019 2008 3084 R.
2054 3026 2120 3085 et
2171 3020 2364 3102 vulgo
2414 3023 2761 3085 conventus

604 3107 822 3172 vicum
882 3112 1152 3191 occupat
1208 3112 1278 3170 ut
1333 3105 1442 3187 qui
1503 3106 1570 3169 in
1635 3106 1792 3170 belli
1850 3105 2061 3171 civilis
2119 3124 2426 3171 annorum
2480 3107 2560 3168 49
2585 3121 2759 3185 seqq.

608 3190 882 3257 historia
934 3197 1150 3274 partes
1207 3196 1406 3273 agunt
1460 3210 1574 3256 seu
1635 3211 1752 3273 pro
1798 3189 2075 3256 Caesare
2134 3210 2248 3256 seu
2291 3209 2408 3273 pro
2453 3188 2761 3272 Pompeio

608 3283 929 3361 occupant⁸
998 3282 1064 3342 et
1130 3275 1481 3341 defendunt
1540 3275 1783 3360 oppida
1841 3276 1909 3339 in
1965 3275 2197 3357 quibus
2255 3275 2622 3340 consistunt.
2683 3307 2762 3315 —

609 3368 960 3429 conventus
1005 3362 1145 3445 ipse
1192 3360 1366 3444 quod
1412 3360 1553 3426 dixi
1598 3362 1770 3427 idem
1814 3367 1912 3426 est
1953 3361 2020 3425 in
2066 3361 2324 3426 civitate
2360 3360 2469 3440 qui
2502 3359 2567 3423 in
2599 3358 2760 3438 vice,

609 3446 784 3512 idem
814 3467 1069 3530 nomen,
1116 3446 1312 3512 iidem
1345 3447 1758 3529 magistratus
1796 3465 1917 3512 nec
1947 3446 2109 3511 ratio
2142 3445 2359 3510 differt
2399 3444 2576 3524 iuriS‚
2621 3462 2763 3509 cum

781 3667 827 3730 1)
863 3665 1131 3719 civitatem
1165 3664 1507 3734 peregrinam
1543 3664 1667 3719 dico
1704 3678 1822 3718 eam
1848 3678 1986 3732 quae
2008 3662 2174 3717 habet
2196 3678 2309 3716 rem
2333 3661 2605 3730 publicam
2628 3674 2764 3727 quae

603 3748 672 3788 ex
707 3733 1152 3801 interpretatione
1199 3733 1390 3814 populi
1439 3733 1506 3788 R.
1552 3733 1697 3788 iusta
1742 3737 1797 3786 et
1842 3731 2080 3786 eiusdem
2114 3732 2271 3798 quasi
2305 3729 2438 3784 iuris
2478 3743 2545 3782 ac
2580 3728 2764 3796 populi

603 3801 674 3856 R.
710 3801 1023 3870 respublica
1055 3809 1163 3856 est:
1201 3801 1327 3855 tahs
1362 3806 1448 3855 est
1482 3804 1539 3855 et
1570 3815 1638 3855 ea
1672 3800 1861 3854 civitas
1886 3814 2024 3867 quae
2055 3815 2167 3854 rem
2196 3798 2468 3866 publicam
2502 3797 2764 3850 urbanam

602 3869 770 3924 habet
818 3874 882 3923 ut
915 3868 1115 3923 Latina
1152 3875 1205 3923 et
1241 3869 1470 3932 Graeca,
1507 3875 1562 3924 et
1595 3869 1783 3923 civitas
1828 3867 2040 3922 Gallica
2075 3882 2184 3921 non
2218 3867 2442 3935 antiqua
2476 3865 2587 3929 illa,
2624 3877 2763 3931 quae

606 3952 720 3992 rem
744 3936 1023 4006 publicam
1058 3952 1323 4006 paganam
1358 3937 1542 4001 habet,
1576 3937 1673 3991 sed
1706 3951 1790 4000 ea,
1827 3952 1988 4004 quam
2013 3938 2290 4003 Augustus
2327 3934 2610 3989 constituit
2643 3932 2764 3985 mis-

606 4021 738 4060 cens
773 4021 888 4061 rem
913 4006 1191 4074 publicam
1215 4020 1482 4074 paganam
1520 4021 1643 4060 cum
1666 4006 1881 4060 urbana
1913 4004 2008 4069 ita,
2045 4011 2107 4057 ut
2129 4005 2185 4057 in
2208 4002 2435 4072 singulis
2459 4000 2765 4055 civitatibus

603 4076 780 4196 geum
827 4090 995 4196 unufn
1040 4090 1150 4196 92}
1185 4074 1479 4209 {nunicipio
1526 4072 1881 4129 constitueret
1926 4072 2067 4140 (vide
2100 4071 2513 4128 Mommsenium
2547 4070 2604 4122 in
2637 4067 2766 4122 XVI

661 4157 840 4198 ermae
873 4158 938 4198 vo
963 4182 977 4195 .
1002 4159 1056 4210 p.
1155 4149 1183 4197 5
1210 4186 1221 4196 .
