2984 4875
1444 375 1870 435 ...14-

576 560 809 607 nomen
856 540 1096 608 habere
1143 541 1317 625 quod
1361 548 1711 609 conventus
1757 542 2046 624 iuridici;
2092 543 2339 608 scilicet
2381 544 2535 626 quia
2580 563 2755 611 con-

576 628 840 693 veniant
881 646 996 693 seu
1041 629 1474 711 convenerint,
1520 634 1591 692 ut
1633 626 1719 692 ad
1762 628 2260 710 negotiationem
2305 629 2481 695 cives
2526 630 2601 694 R.
2638 631 2759 696 sic

574 712 661 778 ad
726 712 826 778 ius
890 713 1336 795 accipiendum
1393 712 1844 797 provinciales.
1904 747 1984 758 —
2043 718 2255 778 tamen
2322 721 2564 780 certum
2636 721 2756 781 est

575 802 956 863 conventum
1021 797 1092 865 C.
1125 799 1200 864 R.
1265 800 1552 882 potuisse
1617 799 1913 864 constitui
1981 799 2332 865 secundum
2398 800 2751 867 dioecesin

575 882 949 960 (dummodo
994 883 1062 948 in
1108 883 1232 949 hac
1277 883 1561 950 dioecesi
1606 883 1956 967 municipia
1986 883 2056 950 C.
2082 884 2156 948 R.
2201 905 2330 950 non
2373 889 2612 960 essent)
2662 894 2749 951 ut

573 968 925 1035 secundum
1011 969 1412 1052 provinciam
1503 968 1879 1036 constitutus
1966 976 2317 1036 conventus
2404 971 2749 1036 invenitur

571 1058 656 1128 (v.
690 1055 879 1131 infra)
927 1055 1146 1135 „cives
1174 1054 1249 1119 R.
1299 1103 1314 1119 .
1348 1103 1363 1119 .
1406 1056 1519 1138 qui
1563 1056 1629 1119 in
1658 1054 1888 1119 Raetia
1933 1052 2347 1121 consistunt“.
2419 1055 2555 1137 sed,
2602 1056 2746 1121 nisi

572 1139 790 1220 gravis
837 1158 1034 1205 causa
1074 1139 1478 1223 prohibebat,
1526 1160 1653 1223 quo
1697 1140 1907 1205 minus
1951 1159 2067 1224 per
2097 1141 2382 1222 singulas
2429 1141 2743 1207 civitates

570 1230 682 1290 aut
725 1225 906 1291 vicos
953 1224 1129 1291 cives
1159 1225 1234 1290 R.
1282 1227 1547 1306 coirent,
1593 1226 1756 1291 tales
1801 1232 2151 1291 conventus
2195 1226 2310 1291 vix
2353 1226 2511 1291 facti
2556 1233 2739 1309 sunt,

571 1329 714 1375 cum
747 1310 1023 1375 Romani
1068 1311 1319 1376 soleant
1361 1330 1478 1394 per
1523 1310 1766 1394 oppida
1809 1311 2321 1376 conciliabulave
2365 1331 2468 1377 res
2512 1311 2741 1395 publi-

570 1415 679 1461 cas
711 1394 970 1477 habere,
1016 1416 1144 1461 non
1187 1402 1255 1462 ut
1285 1395 1544 1461 barbari
1575 1396 1782 1461 solent
1824 1414 1940 1478 per
1972 1395 2284 1461 civitates.
2362 1415 2527 1478 quae
2558 1398 2737 1462 ratio

569 1489 640 1546 ut
684 1500 766 1546 ex
825 1481 981 1546 urbe
1028 1482 1232 1547 Roma
1287 1481 1680 1563 intellegitur
1734 1500 1853 1563 pro
1910 1481 2171 1546 civitate
2226 1482 2516 1547 Romana
2574 1500 2733 1547 con·

569 1566 792 1632 stituta
837 1566 933 1632 sic
962 1567 1240 1649 quadrat
1282 1566 1369 1631 ad
1399 1586 1511 1632 eas
1543 1566 2014 1650 universitates,
2060 1585 2228 1650 quae
2258 1568 2738 1632 constituuntur

567 1671 609 1716 a
666 1651 915 1717 civibus
974 1654 1199 1736 populi
1258 1653 1564 1732 Romani,
1630 1671 1779 1716 nam
1847 1657 2137 1717 servatur
2192 1653 2438 1734 patrius
2497 1672 2640 1718 mos
2686 1672 2737 1717 a

570 1736 814 1803 colonis
858 1737 977 1813 (sic
1021 1736 1172 1803 licet
1215 1737 1486 1803 abusive
1534 1737 1709 1802 cives
1742 1739 1816 1802 R.
1865 1737 2300 1803 conventicios
2343 1737 2730 1821 appellare).

567 1858 651 1867 —
695 1828 763 1887 at
808 1821 1117 1888 obiecerit
1162 1824 1335 1905 quis:
1394 1822 1642 1888 iudices
1684 1842 1726 1886 a
1769 1827 2066 1906 praetore
2111 1841 2147 1887 e
2193 1827 2511 1888 conventu
2549 1820 2621 1887 C.
2644 1822 2726 1887 R.

566 1908 731 1973 sumi
791 1906 1099 1994 Cicerone
1156 1914 1352 1992 teste,
1420 1908 1499 1974 cf.
1560 1907 1806 1972 Verrin.
1851 1907 1948 1989 H,
1980 1908 2095 1990 323
2142 1910 2256 1971 34:
2313 1906 2576 1990 „selecti
2627 1907 2731 1967 iu-

565 1991 736 2053 dices
798 2012 887 2054 coe
951 2002 1250 2055 conventu
1314 1993 1379 2057 G.
1413 1992 1496 2055 R.
1554 1996 1836 2074 proponi
1894 1988 2137 2053 solent“
2205 1993 2434 2075 quibus
2503 1991 2725 2058 verbis

563 2078 950 2143 artissimam
1011 2098 1153 2146 esse
1208 2080 1522 2144 rationem
1582 2079 1745 2143 inter
1802 2084 2184 2143 conventum
2231 2077 2300 2143 C.
2324 2078 2399 2143 R.
2447 2083 2512 2143 et
2567 2078 2724 2142 iuri·

564 2163 778 2229 dicum
839 2163 1027 2230 effici.
1134 2171 1200 2230 at
1255 2184 1358 2230 res
1414 2164 1507 2228 ita
1565 2182 1635 2229 se
1693 2162 1920 2247 habet,
1976 2168 2047 2228 ut
2102 2183 2365 2246 praeses
2422 2182 2501 2244 „e
2561 2163 2722 2229 civi-

563 2248 681 2313 bus
726 2249 800 2313 R.
845 2247 1260 2333 provinciae“
1320 2249 1565 2314 iudices
1612 2249 1717 2314 vel
1773 2248 2107 2315 consilium
2163 2249 2493 2314 instituere
2537 2247 2721 2314 iube-

563 2339 706 2399 atur
771 2334 998 2411 (Gaius
1055 2336 1118 2418 I,
1178 2337 1305 2400 201.
1409 2333 1657 2399 scilicet
1723 2353 1807 2399 ex
1871 2352 2000 2416 qua
2077 2334 2495 2400 universitate
2573 2353 2719 2400 esse

563 2419 843 2486 debeant
901 2419 968 2487 hi
1015 2422 1191 2488 cives
1235 2420 1311 2486 R.
1357 2440 1484 2485 non
1546 2418 1879 2502 definitur,
1938 2420 2155 2502 itaque
2214 2421 2319 2486 vel
2377 2440 2459 2486 ex
2515 2420 2718 2485 muni·

564 2506 772 2590 cipiis‚
819 2507 873 2573 si
917 2508 1167 2572 inerant
1210 2506 1276 2571 in
1318 2506 1674 2589 provincia,
1723 2506 1830 2570 vel
1874 2506 1927 2571 si
1975 2505 2241 2571 deerant
2285 2511 2355 2571 ut
2398 2507 2462 2569 in
2494 2504 2719 2570 Sicilia

562 2590 891 2658 Ciceronis
948 2590 1342 2674 temporibus
1399 2610 1480 2674 „e
1540 2598 1858 2656 conventu
1904 2589 1975 2656 C.
2001 2586 2121 2655 R.“
2169 2591 2414 2657 iudices
2474 2588 2714 2654 daban·

561 2682 695 2760 tur;
753 2678 837 2743 ad
887 2677 1218 2743 dioeceses
1264 2675 1427 2743 haec
1470 2676 1756 2742 iudicum
1802 2695 1838 2741 e
1884 2676 2133 2741 civibus
2178 2677 2252 2740 R.
2299 2676 2490 2741 lectio
2533 2675 2709 2741 nullo

563 2762 754 2828 modo
797 2762 1091 2846 pertinet.
1124 2796 1208 2805 -—-
1239 2763 1368 2826 iam
1413 2762 1496 2828 de
1526 2761 1883 2843 Hispaniae
1916 2761 2338 2827 conventibus
2374 2778 2711 2842 possumus

559 2848 868 2932 iudicare,
914 2866 1074 2931 quos
1118 2847 1576 2913 Mommsenius
1620 2847 1924 2924 (Hermae
1972 2846 2096 2911 vol.
2144 2845 2285 2926 VII,
2333 2848 2481 2922 319)
2528 2850 2709 2926 putat

560 2939 909 2999 conventus
955 2932 1025 2998 C.
1052 2933 1127 2996 R.
1175 2951 1334 2998 esse.
1423 2934 1826 2998 nominantur
1885 2933 2051 2997 enim
2112 2931 2178 2994 in
2234 2931 2436 2995 titulis
2496 2930 2710 3012 plures

558 3015 1029 3099 „conventus“:
1084 3018 1419 3100 Asturum,
1466 3018 1997 3100 TarraconensiS‚
2056 3015 2702 3097 Bracaraugustanus,

559 3103 1146 3186 Carthaginiensis,
1216 3102 1864 3185 Caesaraugustanus.
1956 3120 2175 3167 omnes
2241 3103 2562 3183 pertinent
2625 3099 2704 3164 ad

558 3189 939 3271 Hispaniam
985 3187 1395 3271 Citeriorem3
1443 3189 1621 3254 cuius
1665 3188 2039 3270 provinciae
2082 3184 2447 3251 flaminibus
2493 3184 2704 3250 titulos

556 3281 816 3356 ponunt.
930 3272 1168 3339 habent
1241 3272 1308 3337 hi
1384 3279 1734 3339 conventus
1802 3272 2244 3355 „sacerdotem
2327 3272 2573 3336 Romae
2646 3275 2705 3336 et

555 3356 874 3441 Augusti“
920 3379 1024 3424 ex.
1057 3379 1149 3441 gr.
1200 3365 1592 3440 „conventus
1627 3353 1994 3439 Asturum“,
2040 3356 2363 3421 invenitur
2394 3355 2704 3437 „censitor

556 3464 740 3509 conv.
807 3440 1236 3526 Caesaraug.“
1325 3443 1504 3518 (CIL.
1573 3442 1756 3525 VIII,
1805 3445 1970 3505 7070
2027 3441 2177 3507 add.
2237 3462 2297 3525 p.
2334 3443 2519 3525 965),
2584 3458 2701 3523 „ex

556 3528 929 3595 conventu“
1009 3549 1064 3595 e.
1124 3550 1184 3612 g.
1251 3579 1287 3611 „
1305 3526 1820 3611 Carthaginiensi
1838 3523 1874 3556 “
1942 3527 2114 3609 quod
2197 3525 2491 3592 dicuntur
2569 3544 2699 3591 esse

553 3612 842 3681 flamines
866 3635 1048 3698 prov.
1076 3615 1258 3697 Hisp.
1286 3613 1501 3695 Citer.,
1533 3613 1912 3678 Hucbnerus
1936 3612 2118 3693 vidit,
2152 3613 2207 3678 si
2231 3613 2374 3695 quis
2399 3611 2697 3695 originem

554 3700 747 3765 ducat
791 3720 827 3765 e
873 3702 1084 3783 capite
1138 3705 1522 3780 conventus,
1582 3705 1963 3764 conventum
2007 3718 2124 3780 pro
2171 3700 2326 3762 urbe
2371 3696 2696 3762 nominari.

553 3785 745 3851 facile
791 3786 1212 3868 intellegitur,
1259 3784 1376 3851 hos
1423 3788 1773 3850 conventus
1821 3802 1961 3848 esse
2008 3783 2338 3848 dioeceses
2384 3781 2694 3847 iuridicas.

552 3889 702 3935 nam
749 3877 1102 3953 congruunt
1158 3890 1317 3953 quos
1374 3870 1439 3934 in
1493 3868 1695 3934 titulis
1753 3867 2112 3934 invenimus
2170 3887 2312 3934 cum
2371 3867 2692 3933 Plinianis.

553 3961 903 4021 conventus
983 3954 1053 4021 C.
1098 3956 1176 4021 R.
1257 3975 1367 4022 eos
1447 3973 1622 4037 esse,
1703 3953 1832 4018 iam
1909 3953 2056 4019 aliis
2122 3952 2206 4018 de
2285 3954 2494 4019 causis
2571 3950 2694 4017 abi-

554 4040 852 4106 ciendum
915 4047 1030 4107 est.
1132 4062 1279 4106 nam
1350 4039 1653 4106 sacerdos
1711 4038 1956 4104 Romae
2014 4045 2078 4104 et
2134 4039 2235 4103 Au
2285 4085 2299 4100 .
2358 4044 2694 4104 conventus

555 4125 939 4209 Bracaraug.
997 4127 1373 4211 peregrinus
1432 4131 1554 4191 est:
1618 4118 2022 4209 ‚,[Oa]malus
2079 4123 2254 4205 Melg
2281 4118 2446 4205 aeci]
2495 4117 2694 4189 filius“
