2984 4875
1319 361 1833 422 ·--26—

546 535 930 591 constaret.“
961 564 1042 574 —-
1073 527 1246 609 quod
1289 548 1414 594 non
1462 528 1751 611 singulos
1795 530 1971 596 cives
2002 530 2075 594 R.
2109 530 2287 595 iubet
2329 529 2414 596 ad
2445 530 2730 596 multam

546 614 833 681 conferre
880 615 1220 698 pecuniam
1251 619 1514 697 certam,
1562 613 1679 680 sed
1710 615 2051 680 conventui
2098 615 2399 682 universo
2434 616 2727 697 imponit

544 719 856 765 summam
906 698 1178 781 Caesar,
1240 697 1312 764 fit
1372 701 1527 781 quia
1581 701 2016 782 negotiatores
2072 702 2167 765 illi
2213 701 2598 767 universitas
2646 708 2728 766 et

542 805 819 869 persona
865 793 1027 851 sunt.
1725 862 1726 865 Ἴ

716 876 1160 936 conventus
1218 869 1394 936 ΟΒ.
1459 871 1537 936 in
1598 869 1857 946 Asia.¹)
1919 876 2298 953 -,quanta
2352 890 2467 954 per
2509 871 2724 937 Asiae

544 956 734 1022 urbes
781 956 1135 1022 constiterit
1177 956 1413 1022 civium
1461 956 1535 1021 R.
1582 955 1923 1021 multitudo
1967 956 2185 1022 caedis
2215 955 2725 1023 Mithradaticae

542 1042 856 1107 memoria
902 1046 1229 1107 monstrat.
1317 1061 1439 1108 nec
1482 1042 1865 1107 testimoniis
1911 1061 2072 1125 opus
2118 1047 2215 1107 est
2258 1041 2422 1108 aliis.
2512 1062 2723 1107 unum

544 1147 732 1193 exem
782 1128 914 1192 lum
971 1126 1206 1192 addam
1264 1127 1721 1210 negotiationis
1781 1127 2205 1193 Puteolanae:
2263 1126 2333 1193 G.
2386 1127 2470 1209 X,
2524 1131 2722 1208 1797,

539 1210 668 1287 ‚‚L.
718 1147 1057 1294 galpnrmv
1105 1210 1186 1276 L.
1228 1210 1299 1293 s.
1346 1214 1386 1291 ll
1437 1209 1788 1294 Capitolino
1831 1212 1876 1293 ll
1935 1209 1999 1278 C.
2051 1209 2388 1294 Calpurnio
2436 1211 2517 1276 L.
2557 1211 2628 1294 s.
2670 1212 2725 1292 ll

540 1300 564 1380 l
577 1298 697 1379 llll
709 1299 728 1378 s
740 1298 828 1378 sss
841 1297 928 1377 ll!
980 1298 1033 1377 ss
1083 1307 1469 1359 mercatores
1538 1299 1648 1381 qui
1704 1296 2183 1376 Alex-undrim&
2242 1297 2431 1359 Asz‘az'
2489 1295 2732 1382 Syriai

540 1382 994 1466 neqotiantu(r)
1036 1382 1079 1463 ll
1123 1419 1203 1428 —
1250 1384 1335 1448 ad
1393 1382 1564 1448 hunc
1608 1384 1859 1448 titulum
1921 1383 2174 1450 accedit
2229 1384 2403 1449 basis
2464 1385 2529 1450 in
2583 1403 2721 1466 qua

543 1470 904 1554 insculptae
949 1474 1095 1534 sunt
1140 1469 1453 1551 imagines
1508 1468 1640 1533 XII
1698 1470 1950 1534 urbium
1995 1468 2225 1552 Asiae,
2292 1488 2451 1551 quas
2497 1470 2715 1535 laesas

542 1560 751 1621 terrae
809 1561 986 1620 motu
1031 1554 1331 1621 Tiberius
1385 1556 1663 1637 pecunia
1707 1554 1973 1620 adiuvit.
2064 1553 2188 1621 hoc
2231 1560 2720 1621 monumentum

542 1641 625 1705 ab
681 1639 1146 1723 Augustalibus
1214 1640 1586 1706 Puteolanis
1647 1639 2059 1706 constitutum
2120 1647 2184 1705 et
2239 1660 2281 1705 a
2336 1660 2405 1706 re
2448 1640 2718 1723 publica

544 1726 903 1792 Puteolana
931 1725 1242 1791 refectum
1288 1731 1384 1791 est
1415 1727 1748 1808 exemplar
1777 1726 1951 1791 illius
1981 1725 2156 1807 quod
2183 1726 2422 1791 Romae
2446 1726 2715 1791 Tiberio

543 1811 625 1877 ob
670 1812 902 1876 merita
947 1811 1317 1876 dedicatum
1363 1817 1501 1876 erat
1547 1811 1721 1888 (vide
1766 1816 1950 1877 notas
1995 1811 2081 1876 ad
2126 1811 2401 1887 titulum)
2447 1811 2531 1876 ab
2576 1811 2713 1875 illis

542 1896 828 1962 urbibus.
876 1931 956 1939 -
1004 1896 1245 1979 optime
1285 1895 1407 1961 hoc
1453 1897 1638 1962 titulo
1684 1897 2135 1963 commercium
2179 1896 2345 1961 inter
2389 1897 2713 1962 Asiaticas

541 1982 733 2047 urbes
780 1982 1213 2063 Puteolosque
1261 1981 1633 2047 illustratur.
1723 2002 1873 2046 nam
1913 1982 2299 2063 Augustales
2344 1987 2491 2047 sunt
2533 1981 2708 2064 prin-

544 2069 723 2150 cipes
770 2067 954 2149 quasi
1000 2067 1489 2149 negotiatorum.
1566 2067 1636 2132 L.
1672 2066 2055 2151 Calpurnius
2102 2067 2172 2131 L.
2218 2067 2260 2130 f.
2307 2066 2710 2149 Capitolinus

542 2173 687 2219 cum
718 2153 1030 2235 templum
1059 2152 1351 2234 Augusto
1395 2152 1478 2217 de
1524 2172 1640 2218 suo
1687 2152 1990 2234 fecerit2),
2038 2151 2211 2234 quod
2257 2151 2709 2234 Augustalium

545 2238 730 2321 quasi
759 2258 986 2303 munus
1019 2244 1133 2318 est,
1182 2238 1349 2302 inter
1376 2238 1768 2319 Augustales
1800 2236 2232 2303 numerandus
2265 2245 2381 2303 est.
2470 2238 2537 2301 ni
2571 2256 2706 2301 om-

543 2326 653 2388 nia
699 2343 801 2390 me
846 2323 1075 2388 fallunt
1120 2322 1189 2387 L.
1243 2328 1307 2387 et
1352 2322 1421 2389 O.
1456 2321 1790 2406 Calpurnii
1838 2324 1909 2387 L.
1943 2325 1986 2388 f.
2036 2330 2182 2388 suut
2223 2323 2511 2405 magistri
2543 2342 2706 2387 mer-

543 2416 825 2476 catorum
873 2408 1096 2474 Asiam
1157 2409 1623 2491 negotiantium
1682 2410 1961 2492 collegii.
2053 2407 2217 2475 haec
2274 2408 2553 2491 collegia
2595 2427 2707 2474 ne·

541 2497 931 2579 gotiatorum
963 2494 1252 2560 Puteolis
1299 2495 1364 2558 in
1393 2495 1619 2560 Asiam
1672 2496 1919 2561 aliasve
1974 2496 2040 2559 in
2092 2495 2462 2578 provincias
2508 2513 2702 2577 nego·

540 2582 834 2646 tiantium
899 2580 1185 2646 Puteolis
1244 2579 1536 2645 ordinem
1592 2582 2087 2662 negotiatorium
2146 2579 2462 2662 efficiunt,
2523 2580 2704 2645 cuius

542 2667 742 2732 sacris
774 2666 1120 2747 funguntur
1151 2664 1560 2747 Augustales.
1609 2703 1691 2712 —-
1737 2667 1878 2731 vias
1908 2666 1994 2731 ad
2025 2666 2279 2731 Tralles
2310 2665 2535 2730 urbem
2565 2685 2703 2730 mu·

541 2753 709 2817 nitas
754 2770 897 2816 esse
942 2771 984 2815 a
1013 2749 1094 2814 Μ’
1128 2751 1389 2832 Aquilio
1436 2752 1734 2833 625J129,
1784 2752 1962 2817 cuius
2010 2752 2223 2835 operis
2270 2751 2486 2833 plures
2532 2750 2703 2815 tituli

543 2843 744 2902 testes
789 2842 1148 2919 supersunt,
1195 2837 1667 2918 negotiatorum
1696 2837 1771 2902 R.
1819 2856 2034 2917 causa,
2082 2843 2258 2902 recte
2291 2834 2703 2903 Cavedonius

542 2923 633 3001 (in
664 2921 1020 2987 Annalibus
1066 2921 1265 2987 schol.
1311 2920 1722 3005 archaeolog.
1756 2922 1939 2988 Rom.
1974 2922 2104 2986 XII
2133 2943 2194 3004 p.
2234 2922 2377 2998 187)
2410 2922 2592 2988 vidit.
2619 2955 2704 2966 -

542 3008 709 3072 infra
766 3007 1037 3089 exposui
1096 3013 1448 3073 conventus
1516 3016 1648 3073 tam
1717 3007 2004 3074 celebres
2072 3027 2187 3090 per
2245 3007 2442 3072 Asiae
2511 3007 2704 3073 urbes

542 3090 713 3159 effici
781 3112 821 3157 a
878 3093 1383 3174 negotiatoribus
1439 3095 1549 3175 qui
1607 3095 1671 3158 in
1734 3094 1864 3158 illis
1924 3094 2229 3158 mercium
2290 3092 2702 3158 cumulanda·

541 3198 680 3242 rum
729 3197 925 3243 causa
971 3179 1397 3262 constiterint,
1460 3181 1816 3245 cumulatas
1860 3177 2182 3244 vendituri
2227 3179 2291 3242 in
2337 3178 2476 3243 foro
2542 3198 2703 3243 mer·

716 3452 765 3512 1)
804 3461 928 3500 cum
963 3449 1192 3499 tractem
1228 3454 1544 3511 conventus,
1582 3446 1655 3512 (id
1693 3453 1777 3500 est
1800 3462 1890 3501 res
1925 3446 2173 3515 publicas
2212 3462 2258 3501 c.
2286 3447 2375 3511 R.)
2410 3462 2509 3514 pro
2546 3448 2701 3503 testi-

538 3515 734 3569 moniis
757 3514 929 3569 titulis
951 3519 1074 3567 utar
1097 3514 1240 3570 solis.
1269 3516 1563 3585 scriptores
1583 3514 1631 3569 si
1650 3515 1789 3570 cives
1809 3515 1874 3570 R.
1893 3515 2253 3570 consistentes
2267 3525 2702 3582 commemorant,

542 3587 865 3639 conventum
914 3598 1006 3636 eos
1055 3582 1311 3638 habuisse
1347 3601 1456 3639 non
1491 3584 1672 3638 statim
1719 3587 1949 3638 constat.
1987 3599 2036 3637 e.
2074 3599 2124 3651 g.
2171 3583 2396 3652 Ephesii
2443 3583 2587 3639 cives
2633 3585 2701 3640 R.

539 3668 573 3706 a
611 3652 788 3706 Dione
827 3658 1338 3718 commemorantur,
1390 3658 1689 3708 conventus
1725 3653 1931 3722 Ephesi
1978 3652 2064 3706 vix
2107 3652 2228 3706 fuit.
2300 3668 2410 3705 non
2446 3666 2531 3705 me
2565 3652 2705 3720 fugit

538 3720 909 3775 universitatis
946 3719 1314 3774 testimonium
1352 3725 1559 3775 certum
1595 3735 1663 3773 ne
1699 3735 1729 3774 e
1753 3721 2032 3774 titulorum
2105 3720 2284 3774 uidem
2322 3721 2558 3774 omnium
2593 3727 2704 3775 tes-

539 3789 762 3844 timonio
798 3788 970 3853 effici,
1010 3788 1105 3842 sed
1142 3803 1328 3844 eorum
1371 3790 1547 3844 solum
1595 3790 1686 3857 qui
1733 3789 2015 3843 continent
2096 3795 2337 3843 ecretum
2386 3795 2701 3845 conventus.

542 3874 584 3914 e.
620 3874 671 3926 g.
711 3858 777 3911 de
831 3862 1101 3911 conventu
1146 3857 1280 3912 Chio
1335 3859 1549 3912 minime
1607 3860 1823 3912 constat
1859 3872 1926 3910 ex
1980 3857 2073 3912 illo
2128 3873 2171 3911 S.
2201 3873 2249 3911 c.
2296 3854 2390 3921 „02
2433 3851 2704 3925 Ῥωμαῖοι

540 3971 552 3982 .
593 3966 607 3980 .
644 3935 769 3992 τοῖς
805 3926 1002 3981 Χείων
1036 3919 1404 3982 ὑπακούωσιν
1440 3923 1697 3994 νόμοις“.
1754 3926 1850 3980 sed
1883 3926 2071 3980 licebit
2103 3927 2245 3980 inter
2271 3931 2418 3979 certa
2440 3926 2704 3981 nonnulla

537 3997 749 4049 incerta
783 3994 1093 4062 adsumere3
1134 3994 1228 4048 ubi
1264 3996 1478 4048 omnino
1515 3995 1718 4048 fuerint
1752 4010 1797 4050 c.
1834 3994 1904 4049 R.
1943 3994 2401 4064 congregationes,
2439 4009 2703 4063 quaerere

538 4068 601 4118 ut
635 4061 1037 4130 superfluumst,
1073 4063 1153 4117 sic
1177 4064 1227 4116 ei
1250 4064 1342 4131 qui
1367 4063 1581 4132 quaerit
1613 4079 1718 4117 non
1745 4063 2068 4132 scriptorum
2105 4062 2429 4118 testimoniis
2453 4063 2701 4131 acquies-

540 4131 769 4187 cendum
804 4137 885 4184 est
920 4130 1016 4184 sed
1052 4131 1330 4186 sciendum
1366 4131 1567 4199 ubique
1603 4131 1772 4186 fuisse
1809 4131 1949 4186 cives
1985 4131 2052 4187 R.
2213 4135 2264 4196 2)
2301 4129 2360 4186 C.
2398 4129 2467 4196 X,
2497 4135 2628 4186 1613

2959 2658 2969 3068 n-..d-—h--a-u-..a-
