2984 4875
1413 340 1836 403 ...12-

549 506 835 591 Capuam
861 506 1097 574 Cumas
1132 528 1257 574 non
1289 508 1494 574 solum
1522 507 1783 592 Capuae
1813 527 2038 591 agrum
2070 507 2559 593 comprehendit
2589 508 2723 575 sed

550 592 785 659 Cumas
846 594 1149 660 Puteolos
1207 595 1372 659 alias
1430 594 1621 659 urbes
1679 594 1930 667 (Festus
1984 613 2046 677 p.
2106 596 2229 659 333
2286 594 2565 671 Mulleri)
2620 594 2726 660 ita.

549 686 644 760 ut,
692 680 747 744 si
791 678 952 745 fines
997 685 1348 745 conventus
1392 678 1591 744 iidem
1638 680 1748 762 qui
1793 679 2167 745 dioeceseos
2209 680 2511 761 fuissent,
2559 697 2720 745 con-

547 770 777 829 ventus
822 766 944 830 iste
989 764 1584 848 comprehendisset
1627 767 1805 829 cives
1850 765 1923 828 R.
1958 765 2381 846 Puteolanos,
2427 763 2719 831 Calenos

550 868 678 914 non
751 850 961 913 minus
1031 856 1225 932 atque
1283 848 1664 933 Campanos.
1768 850 2024 932 qualem
2092 858 2472 916 conventum
2533 849 2604 916 C.
2629 850 2713 915 R.

547 935 773 999 miram
831 953 966 999 rem
1019 953 1192 1005 esse,
1262 954 1389 1000 non
1448 942 1546 1000 est
1605 933 1778 1018 quod
1833 934 2197 1015 moneam.¹)
2243 971 2326 981 —-
2370 935 2487 1001 sed
2533 934 2722 1018 quod

549 1020 765 1084 omnia
831 1018 998 1101 „hoc
1061 1016 1229 1103 aio“,
1298 1019 1466 1101 „hoc
1512 1016 1720 1103 nego“
1786 1021 1984 1101 tollit,
2052 1021 2178 1085 iam
2227 1040 2421 1104 supra
2490 1021 2719 1102 tetigi:

549 1104 880 1170 dioeceses
935 1112 1082 1187 post
1125 1104 1501 1170 Ciceronem
1558 1113 1705 1170 ante
1764 1104 2143 1170 Strabonem
2205 1106 2568 1170 Pliniumve
2614 1107 2715 1169 in·

548 1192 802 1256 stitutas
849 1208 988 1255 esse
1034 1191 1242 1256 videri
1265 1192 1313 1266 2)
1358 1193 1503 1268 (nec
1533 1191 1657 1255 nisi
1705 1193 1767 1255 in
1802 1187 2136 1275 Hispania,
2183 1191 2467 1274 Illyrico,
2514 1191 2715 1272 Asia;

548 1281 719 1340 certe
787 1275 1067 1340 Plinium
1136 1296 1262 1340 non
1331 1276 1526 1341 credo
1593 1276 1884 1341 omisisse
1950 1294 2068 1359 per
2134 1283 2380 1342 ceteras
2446 1278 2714 1359 provin·

547 1362 682 1426 cias
738 1360 1071 1427 dioeceses
1126 1380 1538 1444 percensere,
1597 1362 1651 1427 si
1711 1362 2013 1437 fuissent,
2075 1362 2197 1427 etsi
2241 1381 2369 1426 non
2411 1361 2712 1443 negarim

547 1443 671 1510 hoc
716 1446 984 1527 cogitari
1040 1455 1274 1529 posse).
1363 1464 1465 1512 res
1511 1446 1850 1512 iudiciaria
1906 1444 2173 1510 Ciliciae
2240 1447 2333 1511 ita
2377 1465 2447 1512 se
2508 1447 2719 1512 habet

547 1530 720 1613 apud
768 1529 1178 1611 Ciceronem,
1226 1538 1295 1596 ut
1338 1551 1601 1615 praeses
1645 1531 2021 1614 provinciae
2079 1531 2323 1615 oppida
2376 1532 2714 1615 nonnulla,

547 1617 615 1680 in
662 1615 895 1698 quibus
940 1623 1297 1690 moraturus
1344 1618 1425 1682 sit
1469 1616 1554 1681 ad
1601 1617 1957 1698 legationes
1989 1617 2420 1699 accipiendae,
2466 1617 2566 1682 ius
2613 1616 2715 1681 di-

546 1702 861 1784 cendum,
915 1701 1126 1767 edicto
1179 1704 1527 1785 promittat.
1619 1702 1770 1766 dum
1817 1703 1882 1766 in
1928 1700 2223 1767 Ciliciam
2280 1700 2718 1785 proficiscitur

546 1785 774 1851 Cicero
821 1794 1172 1852 conventus
1219 1786 1413 1851 habet
1458 1806 1574 1869 per
1617 1787 1833 1869 plures
1879 1787 2209 1852 stationes.
2287 1794 2509 1852 contra
2537 1807 2715 1854 anno

547 1871 777 1951 704l50
825 1889 952 1936 uno
998 1873 1064 1936 in
1096 1873 1356 1956 oppido,
1403 1871 1789 1955 Laodiceae,
1834 1873 1933 1937 ius
1966 1872 2122 1936 dicit
2155 1873 2448 1937 omnibus
2479 1873 2711 1937 civita-

542 1957 712 2022 tibus
759 1963 1016 2040 praeter
1061 1956 1349 2022 Ciliciae.
1395 1991 1478 2000 —
1524 1958 1744 2038 itaque
1791 1976 1874 2022 ex
1918 1957 2184 2022 arbitrio
2242 1978 2357 2022 suo
2402 1959 2716 2041 proponit

542 2061 811 2125 praeses
856 2042 1030 2122 loca,
1090 2044 1157 2106 in
1214 2062 1379 2125 quae
1439 2041 1889 2125 conveniatur,
1948 2061 2070 2107 nec
2114 2048 2261 2107 sunt
2305 2050 2482 2107 certa
2524 2045 2713 2107 terri-

541 2129 710 2192 toria
755 2134 962 2194 certas
1021 2127 1212 2193 urbes
1259 2146 1424 2210 quae
1486 2128 1867 2193 contineant.
1958 2126 2164 2208 adde,
2231 2128 2404 2209 quod
2472 2127 2715 2193 dicitur

544 2212 674 2294 „ad
720 2219 1101 2278 conventum
1151 2214 1446 2278 civitates
1494 2209 1888 2277 evocare“
1936 2212 2043 2288 (ad
2073 2214 2267 2277 Attic.
2301 2213 2375 2294 V,
2410 2215 2485 2276 21
2539 2215 2576 2289 ξ
2610 2215 2711 2290 6):

544 2300 922 2363 evocatione
981 2317 1107 2363 non
1169 2316 1330 2379 opus
1392 2305 1528 2362 erat
1586 2299 1640 2362 si
1703 2297 2035 2364 dioeceses
2092 2297 2383 2363 fuissent.
2427 2331 2514 2342 -
2559 2317 2711 2363 cum

542 2384 737 2467 igitur
780 2384 992 2467 prima
1048 2384 1211 2448 ratio
1272 2381 1434 2449 haec
1494 2384 1578 2449 sit
1634 2390 1703 2448 ut
1759 2389 2017 2468 praetor
2078 2382 2291 2448 edicat
2343 2384 2408 2448 in
2470 2384 2707 2467 quibus

717 2606 765 2666 1)
800 2605 1086 2669 praeterea
1121 2615 1256 2667 nego
1275 2640 1289 2664 ‚
1324 2599 1750 2654 iurisdictionem
1784 2600 2188 2668 praefectorum
2226 2600 2467 2668 Capuam
2505 2600 2708 2656 Cumas

540 2670 958 2737 comparandam
1008 2683 1125 2722 esse
1175 2684 1295 2722 cum
1341 2669 1678 2722 dioecesibus
1716 2684 1851 2737 quas
1887 2669 1944 2722 in
1980 2669 2253 2723 nonnullis
2293 2669 2585 2737 provinciis
2621 2670 2706 2722 in-

539 2738 803 2791 venimus.
946 2741 997 2801 2)
1032 2736 1476 2790 Wilamowitzius
1515 2738 1814 2804 speciosam
1864 2737 1931 2790 de
1978 2736 2240 2791 dioecesis
2286 2737 2551 2791 vocabulo
2587 2752 2705 2791 sen-

537 2808 766 2859 tentiam
792 2820 998 2858 mecum
1025 2806 1439 2859 communicavit
1473 2806 1641 2858 hanc:
1680 2806 1847 2858 videri
1882 2801 2215 2876 διοικήσεως
2247 2819 2361 2859 rem
2397 2810 2451 2859 et
2486 2805 2707 2859 verbum

541 2889 570 2926 e
604 2888 664 2928 re
686 2875 905 2941 publica
940 2873 1270 2940 Pergamena
1307 2890 1341 2927 a
1376 2873 1430 2928 S.
1457 2873 1520 2927 P.
1550 2873 1612 2940 Q.
1637 2873 1706 2930 R.
1740 2873 1798 2926 in
1832 2874 2165 2942 provinciam
2199 2873 2387 2927 Asiam
2422 2883 2706 2942 receptum

540 2957 675 2995 esse.
725 2971 793 2981 —
838 2948 1002 3009 atque
1048 2949 1110 2995 ut
1154 2942 1522 2995 examinemus
1558 2942 1701 2995 hanc
1748 2943 2130 3007 coniecturam,
2174 2942 2494 2996 vocabulum
2530 2941 2706 3009 ipsum

540 3009 845 3078 profitetur,
886 3025 957 3062 ex
980 3009 1444 3065 administratione
1471 3010 1717 3064 Graecae
1751 3010 1984 3063 alicuius
2009 3009 2087 3063 rei
2110 3010 2378 3077 publicae,
2402 3010 2459 3063 in
2488 3011 2704 3079 provin·

543 3078 660 3131 ciae
696 3077 925 3131 formam
961 3082 1224 3142 mutatae,
1262 3079 1535 3133 dioeceses
1570 3084 1821 3146 receptas
1857 3092 1993 3131 esse.
2066 3078 2307 3131 Graecae
2342 3078 2423 3131 rei
2456 3078 2706 3146 publicae

539 3146 773 3200 maiores
810 3148 883 3211 (in
908 3146 1204 3200 maioribus
1230 3147 1476 3200 videlicet
1499 3151 1712 3200 tantum
1737 3146 1862 3199 talis
1894 3145 2288 3200 administratio
2314 3146 2703 3200 iurisdictionis

541 3228 660 3267 esse
704 3218 939 3282 poterat)
996 3220 1122 3267 ante
1170 3214 1446 3268 Ciceronis
1505 3221 1735 3268 aetatem
1797 3214 2106 3282 provinciae
2159 3214 2337 3268 factae
2390 3219 2519 3268 sunt
2571 3214 2700 3269 hae:

541 3281 865 3336 Macedonia
899 3286 1062 3348 (anno
1093 3286 1225 3350 146),
1260 3283 1650 3350 Pergamenum
1675 3297 1899 3350 regnum
1924 3286 2082 3349 (133),
2119 3282 2373 3352 Bithynia
2397 3286 2521 3348 (74),
2558 3282 2702 3337 Pon-

538 3357 626 3404 tus
662 3354 794 3417 (63);
846 3367 875 3403 ει
911 3352 1108 3419 quibus
1158 3356 1304 3405 certe
1337 3351 1658 3418 Pergamum
1702 3353 1933 3403 maximo
1980 3366 2103 3403 cum
2135 3351 2251 3404 iure
2287 3351 2565 3405 dioeceses
2602 3351 2702 3405 sibi

490 3429 494 3433 ·
535 3419 792 3473 vindicat.
846 3450 910 3458 --
957 3419 1354 3473 Wilamowitzii
1413 3421 1735 3473 sententiam
1783 3419 1829 3472 si
1875 3418 2197 3486 probamu8‚
2246 3421 2461 3474 constat
2509 3434 2700 3482 „con-

535 3490 820 3540 ventus“
856 3488 1175 3542 vocabulum
1225 3487 1293 3540 de
1341 3487 1679 3541 dioecesibus
1725 3487 1989 3540 translate
2033 3487 2297 3541 adhiberi.
2334 3517 2401 3526 —-
2437 3486 2533 3541 sed
2582 3503 2700 3541 cum

539 3554 817 3609 Ciceronis
852 3562 1031 3610 aetate
1064 3570 1168 3609 nec
1201 3555 1503 3609 iurisdictio
1540 3570 1639 3623 per
1664 3555 1939 3609 dioeceses
1963 3555 2267 3609 inveniatur
2301 3570 2403 3609 nec
2439 3556 2699 3610 dioecesis

534 3625 859 3678 vocabulum
908 3623 978 3677 ad
1026 3639 1140 3676 rem
1183 3623 1518 3677 iudiciariam
1553 3624 1852 3691 pertineat,
1895 3622 2025 3675 mihi
2062 3624 2278 3692 quidem
2314 3640 2424 3677 non
2458 3623 2587 3678 licet
2622 3623 2697 3678 in-

537 3693 812 3759 geniosam
876 3692 1240 3746 coniecturam
1292 3693 1549 3760 recipere.
1638 3693 1693 3744 in
1741 3690 2087 3758 Pergamenis
2134 3692 2305 3745 titulis
2352 3691 2584 3756 frustra,
2632 3707 2698 3745 an

537 3761 681 3814 forte
716 3761 949 3829 aliquem
996 3757 1090 3816 ἐπὶ
1139 3762 1240 3830 τῆς
1275 3758 1607 3830 διοικήσεως
1643 3802 1655 3814 .
1688 3801 1699 3814 .
1730 3802 1742 3814 .
1779 3760 2098 3824 invenirem,
2147 3763 2423 3814 scrutatus
2462 3775 2599 3814 sum.
2636 3789 2698 3798 —

533 3834 817 3897 praeterea
839 3822 906 3900 „2‘7
932 3831 1202 3898 διοίκησις
1220 3829 1349 3894 (sive
1374 3823 1674 3899 οἷγόραιος)
1692 3823 1878 3899 ἧχθηι·
1896 3842 2151 3894 graecum
2175 3844 2282 3882 non
2307 3835 2405 3894 est,
2428 3844 2551 3881 cum
2570 3830 2701 3883 διοί-

532 3915 693 3978 κησις
727 3899 797 3951 sit
833 3897 1177 3951 territorialis
1211 3894 1607 3950 administratio
1643 3902 1709 3960 (e.
1734 3911 1783 3963 g.
1809 3919 1843 3967 η
1868 3897 2141 3966 διοίκησις
2173 3894 2206 3966 ἦ
2244 3898 2376 3967 περὶ
2412 3892 2701 3968 Σμύρναν,

535 3968 606 4019 ct.
644 3983 698 4034 p.
739 3970 815 4031 7),
861 3965 955 4018 sed
1003 3965 1175 4018 versio
1219 3962 1371 4016 latini
1419 3971 1752 4030 „conventus
1790 3964 2021 4031 agitur“.
2059 3993 2128 4003 —
2164 3966 2403 4032 sequitur
2439 3965 2697 4019 dioecesis

531 4035 854 4088 vocabulum
890 4034 1216 4086 translatum
1252 4046 1372 4085 esse
1408 4033 1524 4086 scil.
1600 4041 1786 4101 ropter
1818 4031 2168 4087 iudicationis
2203 4033 2543 4087 territorialis
2584 4046 2698 4087 cum

532 4101 996 4156 administratione
1035 4100 1247 4155 Graeca
1283 4101 1597 4154 territoriai
1633 4101 2052 4155 similitudinem.
2366 4140 2370 4143 -
