2984 4875
226 555 353 620 nil
408 558 733 623 enucleari
787 577 998 643 posse.
1087 577 1208 624 nec
1253 559 1492 639 minus,
1550 563 1706 641 quot
1759 557 2012 624 litterae
2056 559 2123 625 in
2168 559 2426 626 sinistra

228 645 453 723 parte
501 640 734 726 desint,
782 645 1038 711 scimus.
1129 650 1302 710 certe
1345 643 1491 727 plus
1537 643 1769 725 tribus,
1830 663 1973 710 cum
2032 644 2098 709 in
2141 644 2315 711 linea
2357 646 2422 711 H

208 744 380 808 pro
423 728 854 810 supplendum
899 729 1003 812 sit,
1059 749 1207 794 nam
1254 728 1575 794 vocabula
1617 748 1746 793 non
1789 727 2250 812 abrumpuntur
2292 729 2420 796 fine

226 811 495 876 liueae.
557 849 640 858 —
699 815 766 878 in
821 814 996 879 linea
1053 814 1142 879 IV
1203 809 1483 898 [civibJus
1543 820 1783 879 certum
1842 820 1971 887 est,
2026 833 2145 880 nec
2210 817 2419 882 minus

228 891 667 982 muni[cz‘pr'z];
712 899 1058 980 incertum,
1103 904 1314 963 utrum
1359 898 1525 964 inter
1569 898 1697 964 duo
1741 899 2060 964 vocabula
2104 908 2167 961 et
2207 900 2418 986 fuerit,

234 1000 486 1047 necne.
545 1019 630 1028 —-
676 989 915 1050 eertum
973 990 1071 1050 est
1129 983 1617 1050 commemorari
1677 984 1742 1048 in
1794 985 1979 1050 titulo
2039 991 2424 1050 conventum

235 1067 326 1131 in
376 1068 618 1151 oppido
664 1068 914 1134 Latin0.
992 1070 1159 1134 ultro
1202 1069 1508 1153 progredi
1552 1068 1770 1133 nolim.
1846 1069 2234 1135 conferenda
2279 1077 2425 1139 sunt

235 1151 393 1216 alia
435 1156 883 1238 supplementa
925 1154 992 1218 in
1038 1152 1321 1237 Corpore
1352 1154 1400 1217 I.
1438 1154 1646 1218 Latin.
1693 1161 2019 1237 temptata.
2110 1175 2265 1221 sane
2310 1175 2420 1222 ve-

235 1234 591 1304 hementer
636 1238 1073 1306 desiderarem
1118 1240 1306 1322 plura
1351 1239 1740 1321 investigare
1801 1240 1882 1305 de
1927 1240 2210 1322 ratione,
2256 1259 2423 1322 quae

244 1322 428 1388 inter
471 1322 641 1389 hunc
686 1329 1071 1391 conventum
1117 1330 1180 1389 et
1223 1330 1441 1390 cetera
1497 1343 1662 1405 quac
1724 1325 2129 1390 nominantur
2184 1345 2422 1408 genera

244 1406 716 1491 intercesserit,
760 1410 886 1475 nisi
919 1408 1172 1476 misella
1201 1410 1566 1493 fragmenta
1606 1408 1970 1493 inspicienti
2001 1430 2083 1476 ne
2114 1408 2422 1476 desiderii

244 1492 525 1575 quidem
571 1500 855 1577 potestas
900 1495 1384 1577 relinqueretur.

433 1584 786 1645 conventus
817 1579 1098 1645 civitatis
1122 1579 1418 1645 Gallicae
1449 1577 1712 1644 civitate
1743 1578 1973 1644 Latina
2004 1577 2281 1646 donatae
2311 1581 2422 1664 qui

243 1683 388 1729 non
431 1665 642 1730 minus
688 1671 1041 1730 conventus
1086 1664 1369 1730 civitatis
1401 1663 1671 1728 Latinae
1719 1670 1865 1729 sunt
1910 1683 2102 1747 quam
2147 1684 2421 1731 conven-
2531 1675 2542 1686 ·

248 1754 361 1813 tus
393 1749 460 1813 in
489 1750 841 1831 municipio
873 1749 1104 1815 Latino
1135 1748 1615 1815 consistentium
1649 1749 1888 1813 civium
1919 1750 2015 1832 R„
2061 1769 2176 1816 suo
2208 1752 2422 1833 capite

248 1835 549 1900 tractabo
609 1855 755 1899 cum
811 1854 993 1900 suam
1053 1834 1327 1900 classem
1384 1832 1670 1899 efficiant
1724 1834 2005 1900 mediam
2063 1836 2228 1900 inter
2271 1856 2418 1902 con-

247 1925 488 1985 ventus
533 1920 803 1985 Latinae
849 1926 913 1985 et
954 1920 1337 2002 peregrinae
1382 1919 1682 1985 civitatis.

430 2004 481 2071 G
505 2003 548 2068 h
573 2005 595 2068 i
621 2024 651 2069 s
675 2004 699 2068 i
723 2004 766 2069 d
790 2024 832 2069 u
858 2023 896 2069 o
917 2024 960 2068 n
985 2023 1021 2069 e
1080 2005 1392 2087 (provinc.
1436 2007 1755 2087 procons.)
1814 2002 1952 2069 CIL
1996 2003 2169 2088 VIII,
2229 2008 2419 2072 1269:

265 2086 333 2152 T.
381 2086 605 2151 Flavio
674 2088 741 2154 T.
782 2085 889 2172 fil.
943 2085 1118 2166 Quir.
1184 2085 1466 2161 Gallica,
1519 2107 1696 2170 proc.
1760 2090 1922 2168 Any.
1970 2107 2157 2171 prov.
2204 2089 2421 2172 Afric.

253 2177 546 2250 tractws)
575 2172 785 2244 Κανὰ,
811 2171 1030 2256 praefi
1063 2173 1282 2237 clas-sels·
1311 2171 1434 2254 Fls
1446 2173 1468 2253 Ι
1515 2174 1538 2251 Ι
1575 2173 1800 2250 (multa
1830 2172 2093 2256 desunt3
2140 2177 2206 2241 in
2236 2175 2364 2243 fine
2378 2179 2420 2255 ε)

253 2254 678 2343 decu[rio]nes
725 2255 789 2321 C.
817 2258 897 2319 R.
946 2267 1008 2321 et
1049 2253 1433 2343 [muchszes
1586 2256 1985 2323 hisiduenses.

431 2343 845 2417 „decuriones
875 2344 1040 2406 cives
1068 2342 1347 2405 Romani
1358 2350 1398 2377 “
1443 2344 1546 2409 dif
1587 2344 1710 2409 cile
1758 2349 1855 2410 est
1883 2343 1967 2409 ad
1999 2344 2418 2427 interpretan-

258 2429 432 2497 dum.
531 2435 799 2515 possunt
841 2428 1186 2513 significati
1231 2449 1372 2496 esse
1430 2430 1510 2512 ii,
1569 2430 1682 2512 qui
1748 2429 2162 2495 decurionatu
2219 2431 2422 2499 functi

258 2535 342 2582 ex
401 2517 539 2582 iure
601 2515 902 2597 „maioris
952 2512 1164 2581 Latii“
1218 2514 1445 2594 (Gaius
1489 2516 1542 2596 Ι,
1588 2518 1693 2591 96)
1712 2517 1753 2592 ¹)
1811 2516 2137 2581 civitatem
2196 2515 2421 2600 adepti

258 2602 417 2681 sint,
466 2620 659 2683 quam
702 2601 1294 2683 interpretationem
1338 2600 1798 2667 Mommsenius
1844 2601 2119 2684 probare
2164 2601 2422 2669 videtur

257 2687 324 2751 in
380 2685 604 2752 Indice
662 2684 960 2768 Corporis
1005 2685 1159 2751 VIII
1203 2685 1521 2751 Gaianum
1579 2687 1791 2751 locum
1850 2706 1992 2751 cum
2055 2685 2179 2752 hoc
2234 2687 2420 2754 titulo

260 2790 659 2855 comparans.
708 2806 791 2816 —
835 2770 1014 2835 aliud
1054 2771 1325 2852 cogitari
1368 2776 1584 2853 potest
1626 2770 1767 2853 hoc,
1813 2769 1996 2855 ‚,dec.
2029 2770 2100 2837 C.
2126 2768 2246 2836 R.“
2277 2792 2422 2839 esse

261 2855 642 2923 decuriones
689 2876 724 2922 e
770 2856 1062 2938 „civibus
1107 2852 1457 2922 Romanis“
1504 2855 1572 2921 id
1631 2861 1729 2921 est
1773 2875 1809 2921 e
1854 2863 2172 2922 conventu
2217 2859 2420 2922 muni-

260 2942 415 3025 cipii
460 2942 682 3008 lectos.
771 2962 921 3007 nam
982 2941 1240 3023 saepius
1297 2940 1454 3007 ordo
1515 2960 1551 3006 e
1610 2940 1885 3006 diversis
1929 2941 2303 3025 generibus,
2364 2944 2421 3009 si

263 3046 429 3109 quae
475 3033 623 3093 sunt
668 3027 734 3090 in
765 3026 1048 3109 civitate,
1095 3027 1513 3109 componitur.
1555 3044 1655 3091 ex.
1688 3046 1749 3108 g.
1782 3026 2073 3092 conferas
2104 3029 2419 3108 ,‚curial(i)

265 3115 606 3188 vetersum)
638 3107 1233 3192 Par(entinorum)“,
1281 3109 1349 3176 C.
1375 3111 1451 3192 V,
1478 3115 1635 3191 3353
1681 3110 1985 3194 „decurio
2016 3111 2306 3178 adlectus
2331 3128 2423 3178 'ex

264 3198 639 3275 veterib(us)
670 3192 980 3262 Nolanis“
1013 3195 1106 3274 (C.
1132 3195 1214 3279 X,
1246 3216 1307 3279 p.
1334 3198 1509 3278 142);
1540 3196 1959 3276 „decuriones
1981 3196 2421 3264 Arretinorum

262 3278 592 3348 veterum“
624 3279 719 3359 (O.
745 3281 860 3363 XI,
889 3282 1097 3355 1849).
1144 3281 1457 3352 (conferas
1486 3282 1741 3346 titulum
1766 3282 2166 3364 Apamenum
2200 3303 2420 3349 conse-

263 3374 505 3433 cratum
550 3387 591 3432 a
637 3368 921 3449 quinque
968 3365 1220 3433 civibus
1253 3366 1556 3432 Romanis
1601 3367 1713 3448 qui
1749 3367 1938 3449 primi
1984 3361 2042 3450 [e
2073 3364 2415 3452 conventu]

261 3453 637 3535 magistratu
670 3453 1006 3534 Apameno
1036 3451 1236 3518 functi
1267 3458 1465 3516 erant.
1513 3471 1573 3516 v.
1608 3452 1817 3528 infra.)
1861 3485 1943 3495 ·-
1990 3450 2239 3530 sufficit,
2273 3473 2421 3519 con-

260 3543 429 3603 stare
452 3536 536 3602 de
552 3537 829 3618 collegio
854 3537 1074 3619 aliquo
1099 3536 1337 3602 civium
1354 3536 1427 3601 R.
1444 3537 1512 3600 in
1529 3536 1771 3620 oppido
1786 3536 2035 3601 Latino.
2061 3571 2132 3580 —
2148 3536 2218 3603 G.
2236 3538 2417 3604 Rom.

262 3629 612 3688 conventus
670 3621 895 3705 oppidi
940 3621 1152 3687 Latini
1212 3628 1640 3687 consentaneo
1685 3621 2037 3686 incolarum
2081 3642 2420 3706 personam

258 3708 575 3774 sustinent
617 3727 743 3772 non
789 3707 997 3773 minus
1041 3715 1236 3790 atque
1281 3708 1347 3770 in
1379 3705 1645 3772 Graecis
1686 3706 2072 3772 civitatibus.
2146 3708 2213 3771 in
2257 3709 2421 3791 legis

258 3793 688 3859 Malacitanae
719 3791 975 3857 rubrica
1005 3791 1154 3856 LIII
1196 3791 1452 3857 iubetur
1496 3792 1606 3873 qui
1650 3792 1909 3858 comitia
1953 3790 2251 3858 habebit:
2295 3814 2421 3877 „ex

263 3879 457 3948 curiis
502 3876 718 3943 ducito
762 3896 988 3958 unam,
1048 3878 1113 3941 in
1159 3896 1287 3959 qua
1331 3876 1581 3942 incolae
1627 3876 1735 3958 qui
1782 3876 1959 3942 cives
2003 3877 2078 3941 R.
2124 3877 2420 3944 Latinive

437 4082 484 4145 1)
524 4119 583 4145 ,,.
626 4117 638 4131 .
675 4077 852 4132 maius
890 4083 973 4132 est
996 4077 1229 4143 Latium,
1270 4093 1392 4131 cum
1427 4079 1483 4131 et
1517 4077 1573 4130 hi
1598 4077 1689 4145 qui
1714 4077 2032 4133 decuriones
2065 4076 2315 4146 leguntur
2352 4120 2364 4132 .
2403 4122 2417 4135 .

264 4145 533 4202 civitatem
568 4146 869 4200 Romanam
908 4150 1310 4215 consequuntur
1336 4189 1348 4200 .
1375 4149 1426 4199 .“
