2984 4875
1403 387 1822 451 ..38-

531 573 754 634 μασαν
797 578 853 618 κ.
900 579 958 619 τ.
1008 555 1064 620 λ.
1114 591 1195 601 —-
1239 557 1363 622 tria
1406 576 1674 639 genera:
1719 556 2207 634 κατοικοῦντες,
2256 552 2693 641 ἐνεκτημένοι,

531 641 965 723 γεωργοῦντες
1007 641 1167 707 fiunt
1209 648 1396 725 prout
1442 641 1680 708 habent
1723 640 2015 707 homines
2055 643 2216 706 vel:
2264 648 2328 707 et
2362 644 2693 709 civitatem

533 731 598 791 et
639 746 861 808 agrum
909 729 1409 805 (κατοικοῦντες)
1465 728 1599 794 vel
1643 733 1888 794 tantum
1947 747 2174 810 agrum
2229 723 2431 802 (ἐνεκτ
2475 731 2696 809 μένοι)

533 812 661 876 vel
706 817 948 877 tantum
989 813 1314 879 civitatem
1359 816 1606 897 (agrum
1650 833 1829 880 suum
1872 814 2118 878 nullum
2163 812 2278 878 sed
2308 751 2694 880 conguctum

531 897 860 964 colonatus
934 899 1123 973 inre):
1209 900 1665 982 γεωργοῦντες.
1784 897 1885 964 his
1965 900 2122 965 iuris
2208 898 2694 966 condicionibus

531 981 922 1064 respondent
977 982 1304 1049 hominum
1358 1004 1600 1067 genera
1656 984 1824 1050 infra
1878 985 2118 1067 scripta
2160 985 2280 1066 ita,
2340 990 2410 1049 ut
2463 1007 2693 1048 κατοι-

530 1068 795 1142 κοῦντες
840 1088 983 1135 esse
1026 1069 1276 1177 possint
1332 1071 1539 1136 solum
1596 1068 1660 1132 οἱ
1707 1068 2007 1148 πολῖται,
2056 1066 2476 1155 ἐνεκτημένοι·
2513 1077 2579 1136 et
2625 1068 2692 1134 οἱ

529 1155 829 1234 μέτοικοι
874 1161 938 1219 et
982 1178 1047 1217 οι
1088 1148 1433 1237 Ῥωμαῖοι,
1478 1157 1919 1238 γεωργοῦντες
1976 1174 2196 1221 omnes
2252 1161 2380 1222 tres
2427 1156 2691 1222 classes.

528 1237 686 1304 finnt
730 1241 925 1323 igitur
968 1240 1056 1305 VI
1100 1243 1467 1324 genera.¹)

705 1423 772 1477 de
806 1423 982 1478 verbis
1019 1423 1216 1492 quibus
1252 1424 1544 1488 incolatus,
1580 1425 1893 1493 hospitium,
1929 1426 2257 1479 advenarum
2282 1427 2474 1488 status,
2511 1426 2690 1494 expri-

531 1491 712 1556 mitur,
747 1498 959 1560 tempus
996 1496 1080 1547 est
1103 1493 1283 1547 omnia
1318 1491 1566 1546 conferre
1600 1494 1863 1561 exempla.
1925 1492 2070 1562 quod
2095 1508 2217 1546 cum
2242 1508 2419 1547 meum
2455 1508 2565 1546 non
2600 1494 2691 1557 sit,

532 1563 714 1614 tamen
748 1574 927 1629 pauca
962 1561 1256 1617 adnotabo.
1292 1592 1358 1600 -—
1394 1564 1452 1614 at
1491 1577 1560 1615 ue
1585 1562 1816 1631 primum
1841 1561 2130 1615 tenendum
2156 1576 2281 1626 non,
2317 1561 2457 1615 utin
2480 1562 2692 1629 imperii

533 1628 599 1680 R.
647 1629 779 1683 orbe
833 1630 1110 1683 vocabulis
1166 1630 1403 1696 incolae,
1504 1630 1725 1698 ospitis,
1772 1632 2016 1684 advenae
2067 1629 2412 1695 (adventoris)
2459 1629 2692 1684 eundem

536 1711 746 1764 semper
782 1703 980 1751 statum
1029 1698 1256 1766 exprimi
1293 1698 1518 1753 Graecis
1554 1699 1732 1753 verbis
1769 1698 1994 1762 eisdem,
2033 1714 2156 1752 cum
2191 1698 2522 1752 Graecarum
2559 1698 2690 1751 civi·

534 1768 709 1818 tatum
746 1782 902 1820 suum
940 1781 1185 1833 quaeque
1219 1782 1377 1820 usum
1416 1767 1626 1821 dicendi
1651 1767 1827 1821 sinon
1852 1766 2060 1832 habuit,
2099 1772 2244 1821 certe
2268 1767 2467 1821 habere
2492 1768 2691 1835 potuit,

534 1833 828 1914 municipia
863 1838 1056 1888 contra
1091 1835 1337 1889 Romana
1372 1850 1438 1889 ex
1475 1850 1586 1888 una
1622 1851 1810 1890 norma
1854 1835 2141 1903 pendeant.
2181 1866 2246 1873 ——
2283 1841 2446 1903 atque
2480 1835 2690 1889 incola-

531 1905 622 1956 tus
660 1903 855 1970 quibus
890 1903 1067 1957 verbis
1103 1902 1396 1970 significari
1441 1904 1713 1971 potuerit,
1759 1904 1870 1957 iam
1913 1919 1943 1959 e
1991 1904 2120 1959 solis
2166 1903 2343 1958 titulis
2386 1904 2443 1956 in
2490 1903 2691 1970 quibus

532 1971 673 2025 cives
709 1970 777 2025 R.
816 1970 1172 2026 consistentes
1213 1972 1577 2036 nominantur,
1612 1971 1941 2038 intellegitur
1980 1976 2047 2037 (v.
2085 1971 2246 2036 infra)
2289 2002 2357 2011 -
2399 1972 2469 2026 ab
2493 1970 2691 2026 incolis

533 2038 892 2107 seiunguntur
926 2040 964 2092 ii
997 2040 1090 2109 qui
1137 2056 1248 2094 non
1292 2040 1621 2094 domicilium
1664 2040 1896 2106 habent,
1940 2041 2023 2094 vel
2069 2040 2308 2108 hospitio
2350 2040 2434 2094 vel
2477 2055 2547 2093 ne
2583 2040 2691 2095 hoc

531 2106 743 2176 quidem
780 2114 1012 2163 utentes.
1083 2108 1321 2162 advenae
1366 2109 1421 2162 in
1460 2108 1673 2163 Graeco
1718 2109 1837 2163 iure
1882 2124 1993 2163 non
2040 2108 2205 2162 distin
2279 2114 2445 2162 untur
2457 2108 2516 2171 ²).
2586 2124 2690 2162 nec

533 2175 726 2238 minus,
764 2193 883 2230 cum
919 2176 1219 2245 hospitium
1252 2178 1324 2231 ab
1358 2178 1601 2232 incolatu
1638 2177 1741 2232 nisi
1774 2180 2016 2246 tempore
2050 2193 2159 2232 non
2195 2125 2435 2241 giufferat,
2477 2176 2692 2231 incolae

530 2245 601 2299 ab
638 2244 942 2313 hospitibus
975 2260 1086 2299 non
1122 2260 1332 2314 semper
1365 2250 1749 2310 secernuntur,
1787 2244 1930 2312 quod
1964 2245 2292 2315 perspicitur
2332 2261 2414 2299 ex.
2439 2260 2490 2312 g.
2517 2259 2547 2297 e
2571 2245 2689 2312 ple·

532 2312 615 2366 bis
652 2313 789 2367 scito
828 2313 1145 2367 Atheniensi
1182 2313 1413 2383 (Sylloge
1448 2331 1502 2368 n.
1542 2318 1627 2378 95)
1669 2314 1724 2368 in
1761 2329 1866 2381 quo
1904 2317 2125 2368 cavetur
2159 2313 2462 2381 privilegio,
2512 2328 2582 2366 ne
2618 2314 2689 2367 ab

530 2381 835 2451 hospitibus
877 2383 1175 2450 μετοίκιον
1218 2383 1536 2452 postuletur.
1607 2383 1734 2437 item
1772 2398 1805 2437 a
1841 2381 2142 2437 IConsultis
2179 2381 2438 2437 Romanis
2474 2380 2689 2437 dubita-

530 2452 711 2519 batur,
747 2466 817 2505 an
853 2467 962 2505 non
997 2451 1237 2520 hospites
1274 2452 1575 2506 incolarum
1612 2466 1835 2505 numero
1862 2467 1978 2506 esse
2001 2452 2230 2521 putandi
2254 2451 2362 2505 sint
2395 2451 2538 2518 (Dig.
2564 2450 2629 2516 L,
2658 2457 2690 2504 6

533 2523 564 2582 ,δ
593 2523 666 2581 2).
704 2549 765 2557 —
805 2519 984 2573 elucet
1017 2520 1281 2574 vocabula
1306 2521 1492 2575 eadem
1517 2520 1761 2588 potuisse
1795 2519 2091 2574 incolatum
2114 2527 2170 2573 et
2194 2520 2487 2588 hospitium
2523 2519 2689 2587 signi-

529 2588 712 2651 ficare,
747 2587 827 2641 ita
861 2591 924 2640 ut
956 2588 1013 2640 in
1049 2588 1272 2654 singulis
1309 2589 1481 2642 titulis
1518 2588 1894 2656 inquirendum
1932 2589 2020 2652 sit,
2057 2604 2196 2655 quae
2230 2589 2302 2643 sit
2334 2588 2474 2643 ratio
2499 2590 2687 2643 verbo-

527 2672 663 2710 rum.
739 2672 902 2709 unum
950 2655 1250 2724 exemplum
1298 2656 1471 2711 addo:
1522 2659 1664 2710 cives
1707 2657 1774 2711 R.
1820 2657 1876 2710 in
1921 2657 2170 2724 Megareo
2219 2655 2399 2726 lapide
2449 2676 2689 2729 παρεπι-

531 2728 839 2794 δημοῦντες
889 2725 1143 2778 dicuntur
1192 2724 1292 2778 etsi
1338 2725 1549 2779 incolae
1596 2729 1740 2780 sunt.
1814 2725 2022 2779 scilicet
2067 2730 2330 2796 παρεπιδ.
2368 2725 2514 2793 quod
2551 2727 2690 2780 solet

531 2792 798 2861 hospitem
844 2793 914 2846 ab
962 2794 1144 2847 incola
1189 2796 1523 2860 (κατοικεῖν)
1559 2793 1915 2860 distinguere,
1964 2794 2021 2846 in
2055 2793 2164 2848 hoc
2197 2793 2356 2849 titulo
2390 2794 2688 2848 incolatum

531 2861 804 2930 exprimit!

706 3035 753 3095 1)
790 3032 933 3084 hanc
951 3031 1449 3100 interpretationem
1474 3031 1887 3086 Wilamowitzio
1914 3032 2100 3087 debeo.
2149 3032 2268 3103 ipse
2293 3048 2431 3101 quae
2454 3035 2686 3102 tempta-

531 3115 712 3153 veram
747 3100 923 3152 minus
959 3101 1194 3167 placent.
1320 3105 1369 3166 2)
1405 3100 1642 3154 advenae
1676 3101 1880 3154 Sidonii
1916 3106 2245 3157 mercatores
2282 3103 2537 3157 dicuntur
2571 3102 2688 3159 ἐπι-

530 3172 723 3238 δημεῖν
769 3163 905 3224 κατ’
938 3167 1228 3240 ἐμπορίαν
1271 3168 1328 3233 (S
1367 3170 1507 3236 lloge
1543 3186 1594 3222 n.
1624 3174 1706 3233 93,
1743 3170 1836 3223 lin.
1876 3173 1959 3235 32,
1994 3186 2048 3238 p.
2080 3174 2212 3236 163).
2284 3172 2430 3240 quod
2464 3173 2687 3226 verbum

531 3235 748 3358 ngpgie
793 3251 918 3358 sffir
935 3236 1144 3291 incolas
1190 3252 1286 3291 seu
1370 3237 1573 3306 ospites
1624 3237 1910 3306 significat.
1982 3238 2218 3293 advenae
2262 3239 2689 3305 καταπλέοντες

528 3320 575 3358 ri
699 3319 826 3358 1cun
920 3346 935 3360 .
