2984 4875
1459 395 1839 459 ...8-

568 583 744 626 conv.
789 560 1233 634 Corduben-m,-
1279 564 1571 630 conferas
1618 585 1758 647 cap.
1793 567 1907 630 43:
1953 560 2249 627 Salonam
2297 612 2311 625 .
2339 612 2355 626 .
2388 613 2405 629 .
2450 566 2515 625 in
2548 568 2728 649 oppi-

568 647 711 710 dum
731 696 749 726 ‚
835 648 1004 733 quod
1074 650 1238 710 cives
1297 648 1378 711 R.
1421 647 1780 730 fortissimi
1833 647 2318 734 fidelissimique
2380 649 2731 714 incolebant

567 733 835 808 (Caesar
904 741 1329 815 „conventum
1399 732 1699 801 Salonis“
1767 735 1965 806 dicit).
2023 770 2105 779 -—·
2170 742 2456 802 auctor
2513 736 2726 801 belli

565 819 945 886 Africani
974 820 1058 885 de
1090 826 1406 885 conventu
1439 820 1727 886 Uticensi
1789 819 1934 885 Tha
1982 820 2208 903 sitam,
2254 820 2726 888 Hadrumetino

563 921 676 970 sae
724 905 825 971 ius
850 905 1035 970 dicit:
1060 901 1583 987 „Hadrumetinis
1606 869 1751 968 HL}
1769 903 1907 966 XX
1992 906 2323 968 conventui
2338 924 2556 968 eorum
2577 905 2664 968 II
2676 905 2729 971 S

564 988 627 1051 L
713 1007 899 1051 aesar
941 991 1213 1071 imperat
1254 994 1418 1074 (cap.
1468 991 1610 1073 97);
1659 990 1777 1073 ‚,P.
1810 992 2050 1068 Am'us,
2093 1010 2280 1074 eques
2321 990 2408 1054 R.
2452 990 2531 1052 de
2575 1010 2723 1055 con-

561 1084 744 1136 ventu
811 1072 1128 1137 Πιίωεηιεέι
1171 1076 1325 1152 (68).
1375 1109 1456 1119 —-
1502 1076 1794 1142 Livius
1853 1077 2003 1159 epit.
2057 1081 2178 1143 134
2223 1096 2359 1138 cum
2405 1078 2726 1159 Auqnstm

563 1169 927 1221 conventum
960 1158 1264 1221 Narbone
1294 1169 1541 1242 aym-et,-
1585 1160 1832 1243 XXXI,
1880 1164 1988 1226 29:
2034 1163 2128 1229 sic
2157 1161 2516 1228 Siculorum
2562 1164 2721 1229 civi-

559 1245 797 1310 tatibus
829 1245 1184 1328 Syracusas
1229 1252 1365 1310 aut
1408 1247 1770 1312 Messanam
1816 1253 1953 1312 aut
1995 1247 2376 1330 Lilybaeum
2420 1245 2723 1309 indicitur

559 1329 915 1403 concilium,
1002 1339 1272 1412 praetor
1331 1330 1412 1392 R.
1475 1340 1811 1393 conventus
1876 1333 2005 1413 aqi!
2057 1379 2073 1394 .
2119 1329 2177 1394 .“
2242 1366 2326 1376 —
2392 1332 2719 1400 Plinius

554 1416 803 1498 primus
872 1421 1222 1482 conventus
1282 1416 1603 1482 vocabulo
1672 1416 1992 1499 significat
2054 1417 2475 1500 territorium,
2535 1419 2722 1485 cuius

557 1501 854 1567 civitates
902 1502 967 1565 in
1011 1507 1186 1567 certo
1219 1501 1459 1586 oppido
1493 1504 1902 1583 conveniunt,
1950 1503 2015 1567 in
2047 1521 2175 1584 quo
2220 1503 2318 1568 ius
2359 1503 2717 1586 accipiant:

556 1586 878 1653 conferas:
945 1586 1237 1647 universa
1278 1587 1609 1669 provincia
1677 1585 1980 1649 dividitur
2045 1590 2109 1648 in
2177 1597 2510 1649 conventus
2584 1597 2719 1650 tres

555 1667 660 1753 (N.
708 1671 877 1737 Hist.
925 1671 1033 1754 IV,
1086 1673 1251 1751 137),
1315 1692 1436 1737 nec
1502 1692 1630 1737 non
1696 1672 1920 1738 urbem
1984 1674 2051 1737 in
2118 1691 2246 1755 qua
2310 1673 2410 1738 ius
2480 1673 2717 1740 dicitur

553 1754 1027 1838 ‚,conventum“
1095 1758 1415 1841 appellat:
1484 1765 1848 1819 conventum
1904 1754 2432 1820 Scardonitanum
2493 1768 2720 1840 petunt

553 1841 695 1923 (III,
759 1843 925 1917 139).
1015 1840 1179 1908 haec
1236 1842 1696 1908 iurisdictionis
1755 1844 1920 1909 ratio
1978 1844 2302 1909 invenitur
2359 1844 2712 1909 secundum

549 1925 831 1991 Plinium
879 1927 945 1990 in
985 1927 1162 2008 Asia,
1209 1927 1471 2010 Illyrico
1538 1927 1876 2010 Hispania.
1910 1962 1993 1973 -
2024 1933 2094 1993 ut
2136 1929 2410 1994 nominis
2460 1928 2710 1996 Plinius

549 2012 646 2077 sic
688 2013 784 2077 rei
827 2012 1073 2096 primus
1118 2013 1298 2078 testis
1345 2021 1442 2078 est
1472 1977 1764 2078 Strabo
1809 2032 1871 2096 p.
1899 2015 2021 2076 629
2056 2012 2256 2092 (Cas.)
2302 2015 2410 2096 qui
2443 2015 2709 2098 oppida,

549 2097 779 2179 quibus
824 2098 1254 2163 attribuuntur
1308 2097 1769 2164 iurisdictionis
1814 2117 2010 2164 causa
2051 2099 2183 2163 alia
2227 2098 2503 2182 oppida,
2550 2099 2711 2165 dicit

548 2179 939 2269 ὄιοικήσειςε
987 2179 1083 2258 εἰς
1128 2180 1201 2245 δὲ
1245 2178 1364 2267 τὴν
1411 2180 1721 2265 σύγχυσιν
1765 2180 2009 2266 ταύτην
2054 2175 2130 2246 οὗ
2174 2179 2376 2265 μικρὰ
2410 2183 2708 2265 συλλαμ-

544 2264 736 2347 βάνει
780 2265 855 2331 τὸ
922 2264 1077 2344 τοὺς
1128 2261 1489 2348 Ῥωμαίους
1542 2265 1632 2352 μὴ
1693 2264 1861 2331 κατὰ
1976 2268 2103 2331 ὗλα
2166 2266 2406 2333 διελεῖν
2466 2260 2708 2345 αὐτοὺς

546 2343 716 2415 ἄλλα
765 2350 986 2437 ἕτερον
1042 2350 1299 2434 τρόπον
1345 2350 1662 2428 διατάξαι
1704 2350 1853 2428 τὰς
1964 2351 2407 2440 ιοικήσεις,
2470 2351 2537 2418 ἐν
2598 2352 2705 2430 αἷς

543 2435 687 2515 τὰς
756 2430 1215 2523 ἀγοραίους
1273 2441 1635 2503 ποιοῦνται
1688 2440 1799 2504 καὶ
1867 2437 2017 2515 τὰς
2082 2437 2700 2518 ὁικαιοδοσίας.

544 2560 625 2569 -
658 2531 728 2589 ut
772 2522 1100 2611 διοίκησις
1145 2525 1339 2590 etiam
1383 2516 1778 2610 ἡᾶγόραιος
1822 2526 1981 2603 (scil.
2028 2517 2379 2604 σύνοδοςῖ)
2423 2526 2507 2591 de
2552 2547 2700 2593 con-

541 2615 740 2674 ventu
786 2610 1035 2676 dicitur.
1129 2617 1526 2693 „conventus
1576 2606 1831 2694 agitur“
1874 2612 2144 2677 vertitur
2189 2617 2254 2677 et
2294 2605 2334 2694 ἡ
2372 2608 2701 2698 διοίκησις

541 2687 718 2780 ἤχθη
763 2695 916 2771 (Dio
970 2694 1196 2779 Chrys.
1242 2695 1307 2761 II
1346 2715 1410 2779 p.
1454 2698 1603 2761 205.
1651 2698 1774 2761 208
1820 2697 1920 2774 R.)
1966 2702 2031 2761 et
2072 2690 2111 2779 ἢ
2156 2688 2472 2779 ἀγόραιος
2514 2690 2695 2782 ἤχθη

537 2779 713 2864 (eph.
761 2799 862 2864 ep.
907 2780 1050 2863 VII,
1107 2802 1170 2864 p.
1219 2783 1388 2855 436).
1446 2782 1916 2863 tenendum,
1971 2790 2158 2847 ante
2213 2781 2697 2848 Strabonem

536 2866 836 2931 nullum
884 2873 1215 2932 exstare
1246 2866 1811 2932 testimonium.
1844 2901 1920 2910 —
1958 2867 2176 2949 itaque
2204 2866 2377 2950 apud
2402 2873 2696 2934 auctores

538 2950 703 3016 haec
746 2952 881 3016 fere
926 2951 1009 3016 de
1055 2958 1373 3017 conventu
1427 2950 1496 3017 C.
1522 2953 1596 3017 R.
1644 2952 2079 3018 inveniuntur:
2129 2951 2363 3016 dicitur
2420 2972 2693 3017 conven-

537 3043 638 3103 tus
706 3033 1169 3119 Syracusanus,
1237 3034 1807 3120 Syracusanorum,
1884 3036 2240 3121 Syracusis,
2317 3039 2428 3119 qui
2497 3036 2691 3120 Syra-

538 3140 727 3188 cusas
775 3121 1050 3204 obtinet,
1095 3122 1279 3206 „eius
1336 3128 1690 3188 conventus
1749 3124 1925 3188 cives
1971 3118 2110 3205 R.“,
2168 3121 2404 3204 „homo
2462 3141 2498 3186 e
2544 3142 2692 3188 con-

533 3213 732 3272 ventu
756 3202 1239 3290 Syracusano“;
1286 3208 1567 3288 „civium
1614 3204 2088 3274 Romanorum“
2133 3227 2330 3292 saepe
2362 3207 2689 3273 omittitur.

530 3326 617 3336 —-
661 3312 779 3375 pro
827 3299 1221 3372 „conventus
1254 3292 1323 3358 C.
1350 3293 1426 3357 R.
1460 3289 1944 3375 Syracusanus“
1978 3293 2171 3356 etiam
2203 3290 2464 3357 dicitur:
2512 3293 2692 3359 cives

528 3420 605 3484 R.
640 3420 749 3501 qui
805 3375 837 3540 {
883 3380 1289 3528 ffgflgifftm
1332 3377 1366 3544 }
1411 3418 1707 3485 Salonae.
1755 3455 1834 3463 —
1893 3420 2173 3502 itaque
2232 3420 2448 3502 apud
2505 3439 2686 3485 auc-

528 3552 743 3613 tores
791 3566 1013 3612 conv,
1062 3548 1129 3613 O.
1159 3549 1232 3612 R.
1280 3553 1403 3613 est
1448 3554 1732 3613 coetus
1777 3548 1923 3612 civ.
1957 3548 2031 3611 R.
2077 3549 2685 3630 negotiantium

528 3632 836 3697 alicubi
885 3633 970 3709 (in
1027 3632 1266 3717 oppido
1306 3633 1629 3715 peregrini
1674 3633 1872 3708 iuris).
1906 3667 1986 3677 —
2018 3633 2212 3698 aliam
2247 3631 2687 3698 definitionem

523 3718 766 3801 profert
810 3717 1159 3783 scholiasta
1200 3718 1309 3799 qui
1357 3715 1956 3799 „Pseudasconius“
1996 3718 2126 3784 dici
2169 3718 2335 3783 solet
2384 3717 2467 3782 ad
2501 3717 2681 3783 Verr.

524 3810 648 3868 act.
694 3802 778 3884 ΙΙ,
807 3802 890 3885 ΙΙ,
946 3805 982 3879 ξ
1016 3806 1128 3866 32:
1178 3822 1305 3885 „ex
1350 3808 1670 3868 conventu
1701 3798 1970 3888 O.R.“]:
2017 3822 2149 3886 „ex
2190 3804 2268 3863 iis
2313 3802 2684 3883 civitatibus,

525 3885 612 3948 ad
654 3906 809 3970 quas
853 3888 1016 3947 cives
1044 3887 1129 3952 R.
1163 3890 1497 3948 convenire
1526 3886 1730 3948 solent
1773 3887 2055 3968 agendae
2083 3907 2234 3950 suae
2264 3896 2373 3948 aut
2392 3885 2685 3970 publicae

522 3973 625 4033 rei
663 3968 913 4036 causa“.
975 4006 1057 4017 —
1122 3993 1250 4037 non
1317 3973 1637 4056 intellegit
1696 3972 1989 4039 Ciceroni
2056 3993 2199 4040 esse
2265 3992 2447 4037 conV.
2507 3972 2578 4039 G.
2605 3974 2679 4037 R.

523 4063 776 4122 coetum
824 4056 894 4123 G.
924 4057 995 4121 R.
1042 4059 1579 4139 intramuranum,
1628 4058 1742 4124 sed
1788 4058 1874 4122 ad
1920 4065 2304 4125 conventum
2350 4057 2420 4124 C.
2448 4058 2519 4121 R.
2568 4078 2680 4123 ex-

520 4142 890 4226 plicandum
935 4141 1201 4209 adhibet
1230 4144 1424 4208 aliam
1455 4143 1639 4208 verbi
1671 4144 1825 4225 vim,
1872 4163 2064 4225 quam
2095 4163 2148 4209 e.
2176 4164 2235 4226 g.
2268 4143 2441 4225 apud
2488 4142 2679 4209 Colu-
2775 4220 2780 4224 ὁ
