2984 4875
1109 405 1487 467 ...3-

214 572 509 637 incolant
551 573 727 637 cives
756 571 830 636 R.
864 591 991 636 non
1034 573 1244 638 minus
1289 573 1354 637 in
1399 573 1662 640 civitate
1694 593 1884 656 quam
1916 575 1982 639 in
2014 576 2157 641 vico
2200 574 2378 650 (vide

214 657 413 732 infra)
475 662 540 722 et
594 663 807 741 potest
864 677 1002 723 con.
1059 655 1190 724 dici
1246 659 1673 742 „universitas
1732 660 1970 726 civium
2015 661 2089 725 R.
2137 661 2375 726 incola-

211 739 424 807 rum“.
513 741 674 807 haec
729 743 794 806 in
853 743 1219 827 municipiis
1273 763 1398 809 non
1456 745 1667 809 minus
1728 764 1871 810 esse
1924 751 2137 829 potest
2182 765 2375 828 quam

210 833 408 893 extra
436 828 876 910 municipium,
917 828 1070 893 licet
1096 848 1242 893 rara
1265 828 1471 911 fuerit,
1507 849 1647 895 cum
1692 830 1943 895 incolae
1974 850 2098 895 non
2129 833 2379 896 soleant

154 953 165 960 -
212 932 456 995 corpus
502 911 760 978 habere.
849 912 964 978 sed
1010 913 1075 977 ni
1121 915 1337 978 omnia
1379 932 1481 979 me
1524 914 1754 979 fallunt
1781 915 2120 998 Luguduni
2164 915 2283 980 fuit
2312 922 2378 981 et

215 998 608 1063 universitas
637 999 1104 1080 negotiatorum
1134 999 1546 1066 incolentium
1579 1005 1644 1065 et
1687 1000 1942 1082 singula
1985 1021 2203 1066 eorum
2248 1002 2374 1067 col·

214 1083 396 1166 legia
410 1084 454 1159 1)
499 1085 609 1165 qui
640 1089 1067 1149 consentaneo
1098 1104 1223 1149 non
1255 1084 1579 1150 civitatem
1612 1084 1687 1149 R.
1733 1085 1848 1150 sed
1878 1086 2374 1168 negotiationem

214 1168 542 1249 indicant,
601 1188 745 1234 cum
800 1169 864 1232 in
909 1169 1256 1251 municipio
1302 1168 1460 1235 QR.
1508 1170 1816 1249 incolant,
1876 1172 1989 1236 sed
2049 1177 2195 1237 sunt
2248 1190 2375 1236 non

214 1254 432 1319 minus
462 1260 654 1335 atque
685 1250 845 1335 „CR
878 1254 990 1337 qui
1021 1249 1301 1336 Gortynz‘
1326 1251 1708 1316 consistunt“
1753 1256 2103 1321 incolarum
2137 1257 2372 1322 civium

213 1339 293 1403 R.
344 1358 591 1421 corpus.
681 1344 750 1403 ut
806 1337 874 1402 hi
931 1359 971 1404 a
1014 1340 1450 1421 negotiatione
1496 1359 1724 1405 nomen
1779 1339 2048 1422 ducunt,
2108 1347 2177 1405 ut
2221 1359 2292 1406 se
2333 1362 2377 1406 a

215 1424 469 1489 civibus
503 1424 898 1506 distinguant
924 1423 1096 1505 (nam
1129 1425 1366 1490 civium
1397 1430 1496 1491 est
1524 1427 1664 1508 agri
1688 1425 1785 1491 sui
1810 1426 2074 1509 cultura,
2106 1427 2373 1509 incolae,

146 1589 151 1590 ἶ
217 1509 453 1591 quibus
497 1528 653 1592 ager
698 1529 825 1574 non
870 1515 988 1591 est,
1034 1510 1461 1591 negotiantur)
1508 1512 1602 1576 sic
1632 1511 1828 1576 iidem
1872 1509 2164 1576 homines
2209 1512 2265 1577 si
2308 1512 2373 1576 in

215 1613 397 1676 agro,
443 1595 554 1676 qui
597 1614 725 1659 non
770 1601 867 1660 est
898 1596 1134 1660 civium
1167 1594 1263 1677 R.‚
1310 1594 1649 1661 considunt
1677 1616 1718 1661 a
1747 1596 2008 1661 civitate
2039 1596 2112 1661 R.
2146 1615 2376 1679 corpus

213 1699 399 1744 suum
431 1681 759 1745 nominant
787 1681 991 1756 (conv.
1020 1677 1237 1757 O.R.):
1266 1681 1515 1746 scilicet
1544 1684 1746 1746 omnis
1778 1681 2160 1747 universitas
2191 1682 2274 1746 ab
2298 1700 2376 1747 ea

211 1784 285 1830 re
331 1784 564 1830 nomen
593 1765 789 1846 ducit,
834 1770 1096 1848 propter
1126 1784 1316 1847 quam
1348 1765 1520 1831 facta
1558 1772 1683 1831 est:
1730 1774 2078 1833 conventus
2111 1765 2180 1831 O.
2200 1767 2271 1831 R.
2305 1764 2376 1831 fit

213 1850 299 1915 ad
334 1850 681 1933 privilegia
710 1850 989 1915 civitatis
1014 1850 1087 1914 R.
1118 1849 1455 1932 servanda,
1488 1852 1918 1933 negotiatores
1950 1851 2046 1915 illi
2076 1851 2375 1933 Lugduni

217 1935 330 2017 qui
390 1936 742 2000 consistunt
771 1940 1002 2000 coeunt
1029 1941 1293 2020 propter
1321 1937 1841 2018 negotiationem.
1909 1955 2029 2001 nec
2057 1956 2183 2001 non
2215 1935 2377 2002 haec

217 2039 439 2085 eorum
483 2021 951 2103 negotiatorum
997 2021 1161 2086 ratio
1207 2027 1305 2086 est
1348 2040 1515 2103 quae
1548 2027 1730 2086 extra
1759 2022 2176 2105 municipium
2208 2020 2371 2087 C.R.

213 2105 457 2170 alicubi
488 2106 748 2187 negotia
770 2103 1026 2171 habent.
1088 2111 1430 2188 propterea
1453 2107 1646 2171 etiam
1677 2107 1997 2171 invenitur
2028 2107 2247 2186 „cives
2277 2107 2374 2188 R.‚

217 2191 331 2272 qui
377 2190 704 2271 Mytilenis
761 2186 1346 2273 negotiantur.“
1436 2193 1772 2256 coniuncta
1816 2192 2221 2256 inveniuntur
2264 2211 2374 2257 no-

211 2277 397 2341 mina
426 2275 852 2358 Mogontiaci:
899 2277 1169 2358 „cives
1200 2276 1273 2340 R.
1307 2277 1712 2342 manticulari
1742 2274 2373 2358 negotiatores“.

214 2394 295 2405 —
329 2360 483 2444 quia
524 2361 1030 2444 negotiatoribus
1060 2359 1216 2426 sede
1247 2381 1407 2445 opus
1439 2368 1553 2445 est,
1601 2380 1686 2426 ex
1716 2381 1846 2445 qua
1875 2364 1995 2426 iter
2026 2362 2378 2446 suscipiant

213 2453 642 2528 mercatores,
697 2448 763 2511 in
810 2466 937 2528 qua
980 2466 1265 2512 mensam
1313 2448 1588 2513 collocet
1631 2448 1979 2529 fenerator,
2028 2454 2375 2514 conventus

393 2600 442 2655 1)
476 2595 533 2648 in
557 2594 729 2649 titulis
753 2596 1097 2648 inveniuntur
1122 2595 1347 2661 collegia
1381 2595 1812 2659 utriclariorum,
1845 2594 2158 2665 fabrorum,
2195 2602 2376 2650 cento-

212 2663 539 2727 nariorum,
589 2663 796 2718 dendro
838 2661 1124 2726 horarum,
1178 2664 1516 2717 vinariorum
1564 2662 1869 2734 „Luqduni
1915 2664 2376 2717 consistentium“

214 2731 580 2797 (Wilmannsii
601 2747 790 2800 exemp
816 2774 827 2784 .
851 2735 982 2784 2217
999 2735 1184 2799 seqq.).
1233 2732 1449 2785 verbum
1472 2731 1797 2785 consistendi
1824 2746 1944 2784 cum
1963 2731 2259 2785 incolatum
2284 2746 2376 2786 ex-

212 2801 417 2868 primat
452 2807 506 2853 et
542 2799 774 2854 civitatis
811 2806 864 2853 et
898 2800 1006 2854 loci
1040 2800 1185 2865 (vide
1220 2804 1408 2868 supra)
1444 2800 1535 2852 hic
1569 2799 1865 2853 incolatum
1902 2799 1958 2852 in
1997 2799 2209 2853 colonia
2231 2799 2376 2866 Lug·

214 2867 445 2922 dunensi
468 2867 744 2936 significat
780 2867 939 2934 (‚‚L.“
965 2870 1338 2931 consistentes)
1376 2883 1476 2921 nec
1502 2868 1629 2936 quia
1653 2868 2011 2934 negotiatores
2036 2868 2232 2920 vinarii
2267 2882 2376 2920 non

212 2937 388 2990 solum
434 2937 663 3000 „vinarii
698 2936 872 3000 Lugd.
911 2936 1197 2990 consistt.“
1242 2936 1497 2990 dicuntur
1542 2936 1636 2989 sed
1682 2936 1844 2988 etiam
1892 2935 2026 3005 „qui
2072 2936 2377 2989 consistunt

212 3003 513 3074 Luquduni
548 3005 605 3057 in
645 3005 921 3068 canabis“,
959 3020 1024 3058 su
1065 3004 1316 3072 plen'dum
1351 3004 1528 3057 estad
1556 3008 1737 3057 cetera
1774 3017 1988 3071 quoque
2024 3003 2247 3070 collegia
2281 3003 2375 3069 „in

214 3072 490 3137 canabis“,
516 3072 612 3126 sed
640 3072 708 3124 ad
729 3072 997 3126 incolatus
1064 3072 1428 3138 ugudunensis
1451 3071 1895 3139 significationem
1920 3071 2136 3125 additur
2158 3071 2377 3124 scholae

211 3141 296 3194 vel
329 3139 639 3207 negotiandi
677 3141 848 3194 locus.
920 3140 1000 3193 sic
1033 3139 1176 3194 inter
1212 3137 1478 3205 „Italicos
1524 3141 1621 3210 qui
1658 3140 1786 3193 Deci
1828 3140 2215 3209 neqotiantur“
2251 3145 2377 3193 sunt

215 3206 275 3264 οὶ
308 3202 413 3278 τὴν
446 3208 820 3279 τετράγωνον
841 3203 1222 3279 ἐργαζόμενοι
1249 3207 1601 3272 (feneratores
1624 3208 1838 3272 Italici).
1894 3211 2022 3260 sunt
2043 3207 2209 3273 igitur
2229 3205 2377 3274 Lug-

214 3276 340 3330 duni
392 3278 617 3343 collegia
659 3277 1007 3330 incolentium
1056 3276 1466 3342 negotiatorum.
1540 3282 1600 3329 ut
1647 3274 1825 3328 Italici
1861 3274 1984 3328 Deli
2019 3275 2376 3329 consistentes

212 3344 338 3399 inde
414 3359 472 3398 er
506 3359 655 3397 mare
686 3346 925 3411 Aegeum
962 3345 1322 3410 negotiantur,
1358 3346 1438 3398 sic
1460 3358 1508 3397 e.
1534 3360 1583 3410 g.
1610 3344 1801 3397 vinarii
1824 3343 2147 3410 Lugdunum
2173 3343 2377 3396 habent

215 3428 314 3481 pro
395 3418 697 3486 ρμητηρίῳ,
734 3414 860 3480 quia
882 3412 947 3464 L.
975 3419 1058 3466 est
1093 3411 1269 3465 forum
1306 3412 1462 3481 quasi
1499 3411 1810 3466 Galliarum.
1840 3442 1900 3449 —
1926 3415 1983 3465 et
2006 3411 2097 3479 qui
2121 3411 2378 3464 dicuntur

217 3481 422 3547 „seviri
443 3497 514 3534 au
557 3480 763 3534 ustales
786 3479 1047 3550 Luqdum'
1078 3480 1467 3534 consistentes“
1491 3484 1627 3548 puto
1654 3479 1907 3545 distingui
1934 3482 2067 3532 satis
2091 3494 2125 3532 a
2150 3478 2376 3541 „sevirz‘s

216 3548 504 3618 anqustali
536 3564 601 3601 us
630 3546 921 3613 C(0loniae)
960 3547 1172 3614 C(laud)
1212 3548 1451 3618 alapiae)
1486 3551 1626 3618 Any.
1654 3547 1871 3617 Luqd.“
1906 3546 2104 3612 (Wilm.
2133 3550 2286 3613 2226)
2322 3551 2377 3599 et

211 3616 463 3670 videntur
487 3616 616 3668 mihi
641 3617 1003 3684 negotiatores
1026 3616 1160 3682 Lug.
1190 3618 1549 3670 consistentes
1575 3632 1701 3672 suos
1727 3615 1934 3669 seviros
1955 3615 2226 3682 habuisse,
2250 3629 2375 3668 nam

213 3699 414 3752 corpus
437 3684 693 3738 habuisse
718 3699 808 3738 eos
834 3699 896 3738 eo
923 3683 1159 3738 efficitur
1183 3684 1325 3751 quod
1348 3685 1617 3738 invenitur
1653 3690 1970 3755 „patronus
1994 3684 2228 3736 omnium
2252 3699 2374 3737 cor-

205 3768 406 3823 porum
427 3751 690 3821 Luqduni
714 3752 859 3806 licite
877 3753 1221 3806 coeuntium“
1242 3752 1443 3817 (Wilm.
1467 3756 1637 3818 2226).
1684 3752 1884 3805 seviros
1909 3754 2088 3804 autem
2109 3752 2185 3805 sic
2209 3752 2375 3804 inter·

213 3820 413 3889 pretari
460 3820 605 3888 cogit
650 3821 788 3875 ratio
838 3821 1074 3875 dicendi:
1130 3820 1408 3887 genetivus
1465 3821 1621 3874 decet
1674 3820 1957 3888 collegium
2001 3818 2192 3872 civium
2248 3818 2372 3884 (vid.

211 3889 400 3953 infra),
452 3889 780 3942 consistendi
815 3889 1039 3942 verbum
1090 3889 1371 3955 collegium
1404 3887 1720 3942 incolarum.
1765 3917 1836 3927 —
1879 3886 2016 3940 adde
2052 3888 2196 3956 quod
2231 3887 2375 3954 apud

214 3957 505 4010 Allmerum
552 3957 764 4018 (Musee
801 3957 867 4009 de
903 3956 1086 4026 Lyon,
1134 3956 1409 4024 Inscriptt.
1457 3956 1708 4024 antiques
1744 3956 1794 4009 11
1829 3972 1884 4036 p.
1924 3959 2042 4021 513)
2076 3956 2371 4009 invenitur:

214 4028 461 4089 meremor
492 4024 665 4093 fabr?
687 4024 706 4094 ΙΙ
729 4026 786 4078 in
812 4024 1150 4095 Se]qusiavis
1183 4024 1644 4095 n[eqotiantium]:
1683 4024 1763 4079 sic
1800 4038 1944 4078 cives
1978 4024 2046 4079 R.
2084 4028 2375 4077 conventus

213 4109 333 4147 mox
371 4093 669 4147 consistere
704 4107 829 4146 mox
865 4092 1130 4161 negotiari
1168 4092 1447 4158 dicuntur,
1484 4108 1604 4146 cum
1640 4106 1727 4147 res
1766 4093 1948 4145 eadem
1987 4092 2072 4158 sit,
2109 4091 2214 4145 loci
2252 4094 2374 4143 tan-

213 4171 323 4216 tum
359 4161 605 4215 condicio
646 4161 874 4216 diversa.

1889 4249 1909 4297 1
1929 4246 1959 4280 *
