2984 4875
1093 429 1194 500 ⁸-
1286 399 1537 460 31—-

246 597 336 607 —
369 564 430 640 2)
458 556 515 646 ἡ
538 558 743 646 βουλὴ
783 555 953 626 καὶὸ
990 560 1198 649 δῆμος
1231 564 1341 627 καὶ
1377 563 1440 628 οἱ
1470 563 1929 638 κατοικοῦντες
1950 557 2319 645 Ῥωμαῖοιῑ)
2345 614 2360 629 .
2393 613 2409 629 .

243 646 480 713 eadem
524 648 800 713 formula
831 648 1022 714 etiam
1069 651 1132 726 3)
1176 669 1239 731 p.
1275 654 1352 715 30
1399 650 1701 716 laudatae
1747 649 1913 715 infra
1954 648 2408 733 ephemeridis.

243 766 334 778 —
381 734 442 808 4)
501 728 687 818 [cives
730 731 1010 796 Romani
1038 735 1082 817 ll
1117 737 1230 818 qui
1278 737 1602 816 Apameae
1639 734 1680 813 ll
1724 734 2121 815 negotiantur
2159 734 2204 815 ll
2252 733 2313 797 Ιι.
2358 755 2409 795 c.

244 818 618 890 (Lebas-W.
685 819 810 901 ΠΙ,
882 823 1037 905 746;
1104 820 1244 887 CIL
1306 822 1438 903 III,
1508 819 1683 900 365).
1742 854 1825 865 —-
1892 821 2409 904 supplementum

247 910 495 970 certum
554 911 652 971 est
709 924 852 971 cum
898 905 1129 972 Graeci
1176 926 1469 973 sermone
1514 907 1744 971 Latino
1790 924 1916 969 non
1960 912 2233 970 utantur.
2325 905 2410 971 de

243 1009 365 1055 usu
412 991 721 1057 sermonis
753 990 967 1057 Latini
1012 999 1123 1058 aut
1168 991 1400 1060 Graeci
1446 992 1514 1057 in
1559 992 1760 1057 titulis
1809 998 2233 1057 conventuum
2279 990 2407 1056 dis·

241 1077 474 1159 putavi
532 1076 715 1141 infra.
815 1078 1180 1161 nuperrime
1236 1084 1645 1145 accesserunt
1688 1076 1816 1145 duo
1861 1076 2028 1141 tituli
2075 1078 2185 1159 qui
2230 1078 2410 1141 inve-

246 1162 510 1226 niuntur
553 1162 618 1225 in
679 1164 1134 1229 commentario
1194 1184 1389 1248 supra
1444 1163 1709 1228 laudato
1768 1162 2176 1229 Mommsenii
2234 1160 2404 1244 (eph.

246 1266 349 1329 ep.
413 1246 532 1312 VII
598 1247 752 1313 fasc.
814 1249 897 1324 4).
1007 1249 1170 1314 alter
1236 1252 1322 1328 (5)
1390 1249 1718 1315 decretum
1782 1250 2258 1353 Apamenorum
2325 1247 2407 1312 de

245 1352 499 1398 summa
541 1333 635 1397 ita
679 1333 1057 1400 collocanda
1100 1337 1383 1401 continet
1439 1338 1527 1418 (p.
1575 1337 1755 1410 454):
1828 1327 1999 1398 ὥστε
2058 1383 2073 1396 .
2109 1382 2124 1396 .
2174 1329 2406 1409 σώζειν

244 1414 441 1481 τόκον
515 1416 908 1523 ὃραχμιαῖον
966 1417 1061 1495 εἷς
1117 1416 1192 1484 τὸ
1249 1423 1382 1485 τῶν
1440 1417 1863 1503 κουρατόρων
1922 1415 2273 1502 ἐπιζήμιον
2329 1413 2404 1481 τὸ

243 1500 412 1567 κατὰ
460 1501 606 1579 ἔτος
649 1496 759 1568 mc'
814 1496 1030 1568 αὐτῶν
1075 1503 1452 1587 διδόμενον,
1503 1503 1674 1569 ὥστε
1718 1508 1837 1570 τοῦ
1883 1504 2126 1569 λοιποῦ
2167 1500 2407 1587 χρόνου

246 1591 478 1675 μηκέτι
525 1584 699 1655 εἶναι
742 1588 1148 1674 κουράτορας
1192 1588 1425 1666 καθώς
1470 1585 1509 1676 ἡ
1559 1589 1761 1666 πόλις
1808 1587 2150 1678 ἐψήφιστο
2185 1636 2404 1652 .....

244 1674 648 1741 Mommsenii
677 1677 1121 1759 interpretatio
1154 1677 1313 1744 haec
1346 1683 1470 1745 est:
1515 1697 1844 1743 usurarum
1878 1678 2131 1742 illarum
2165 1680 2405 1740 certam

247 1761 579 1826 civitatem
610 1761 1012 1844 Apamenam
1059 1763 1185 1827 iam
1232 1784 1359 1829 non
1405 1762 1697 1845 indigere
1731 1764 1969 1829 multae
2014 1781 2057 1825 a
2100 1760 2404 1825 curatori-

244 1846 363 1912 bus
409 1847 485 1924 (c.
533 1847 740 1923 Rom.)
785 1849 1126 1929 quotannis
1183 1846 1395 1915 adhuc
1464 1849 1745 1929 solutae,
1805 1850 1896 1913 ita
1952 1852 2022 1910 ut
2081 1850 2405 1912 curatores

245 1932 471 1997 tollere
552 1932 929 1998 decreverit.
1031 1933 1202 1998 tituli
1274 1934 1640 1999 difficillimi
1699 1933 2158 2016 elegantiorem
2214 1931 2407 1995 inter-

244 2017 670 2098 pretationem
726 2018 842 2082 vix
898 2018 1172 2084 inveniri
1231 2039 1456 2102 posse,
1525 2018 1859 2101 intelleget
1912 2019 1967 2085 is
2029 2036 2219 2100 quem
2276 2035 2405 2080 non

243 2103 494 2185 pigebit
535 2121 654 2185 per
696 2105 944 2185 aliquot
988 2102 1128 2169 dies
1174 2106 1373 2170 verba
1418 2106 1544 2169 ista
1587 2124 1822 2170 arcana
1865 2122 2083 2170 secum
2117 2102 2402 2167 volvere.

245 2186 559 2270 quidquid
605 2189 915 2271 temptavi
945 2190 1029 2255 ad
1059 2189 1463 2256 Mommsenii
1496 2191 1877 2256 sententiam
1908 2189 2199 2270 relapsus
2242 2206 2403 2268 sum,

242 2292 362 2338 nec
419 2280 635 2338 tamen
695 2279 907 2339 tacere
963 2294 1226 2358 possum
1283 2273 1478 2342 haec:
1550 2280 1931 2356 conventus,
1998 2273 2246 2339 scilicet
2302 2290 2405 2336 res

241 2358 535 2443 publicas
592 2358 659 2423 in
714 2359 905 2425 rebus
961 2361 1270 2444 publicis,
1339 2360 1720 2447 perodiosos
1776 2361 1974 2427 fuisse
2035 2356 2404 2424 civitatibus

243 2444 509 2511 Graecis
558 2450 799 2510 certum
845 2451 960 2511 est.
1051 2446 1164 2512 sed
1210 2448 1429 2512 nescio
1475 2447 1633 2530 quid
1678 2448 1883 2530 magis
1940 2465 2084 2512 cum
2130 2443 2404 2509 Romani

243 2529 498 2614 imperii
542 2531 794 2596 arcanis
840 2531 1198 2598 consentiat
1241 2551 1431 2614 quam
1489 2541 1917 2599 conventuum
1977 2530 2160 2614 quasi
2218 2547 2402 2613 prae·

243 2615 409 2681 sidio
469 2634 763 2681 coercere
828 2616 1191 2682 libertatem
1251 2618 1587 2683 Graecam.
1676 2619 1893 2701 itaque
1953 2622 2278 2684 curatores
2339 2618 2403 2678 et

243 2706 625 2766 conventum
670 2704 840 2775 (nam
884 2722 987 2767 res
1041 2703 1306 2786 publica
1349 2703 1485 2769 sine
1534 2704 2010 2787 magistratibus
2055 2702 2236 2767 nulla
2280 2699 2400 2773 est)

244 2787 468 2852 tollere
528 2786 900 2853 civitatibus
960 2787 1076 2853 vix
1133 2789 1448 2872 permissu
1508 2797 1766 2855 senatus
1828 2790 2169 2872 impetrato
2228 2792 2401 2852 certe

241 2891 367 2937 non
397 2871 535 2939 sine
566 2873 883 2955 permissu
912 2871 1006 2950 (id
1037 2879 1135 2939 est
1164 2873 1422 2939 decreto
1464 2874 1769 2949 civitatis)
1816 2874 2081 2941 concedi
2112 2871 2322 2956 potuit
2334 2869 2398 2944 ²).

242 2992 319 3002 —
379 2962 716 3041 praeterea
782 2955 922 3042 „sig
971 2954 1048 3021 τὸ
1114 2954 1510 3045 ἓπιζήμιον“
1565 2960 1680 3024 vix
1735 2965 1952 3043 potest
2015 2957 2398 3041 significare,

242 3050 350 3127 „ut
380 3041 703 3126 superflua
732 3041 844 3109 fiat
878 3044 1079 3110 multa
1102 3065 1143 3110 a
1173 3046 1572 3111 curatoribus
1604 3045 1945 3127 quotannis
1978 3038 2252 3125 soluta‚“
2282 3040 2399 3106 sed

244 3148 323 3194 ex
366 3129 687 3195 communi
732 3148 850 3195 usu
896 3129 1185 3196 Graecae
1243 3131 1503 3213 linguae
1549 3129 1910 3214 significare
1965 3136 2119 3214 puto
2165 3124 2401 3210 „vo'xog

244 3212 361 3289 εἰς
416 3210 492 3276 τὸ
556 3210 959 3297 ἒπιζήμιον“
1020 3236 1296 3298 „usura,
1356 3236 1522 3299 quae
1582 3221 1878 3299 erogetur
1944 3216 2047 3294 (cf.
2112 3205 2398 3277 ἀναλοῦν

244 3296 384 3376 εἰς)
441 3298 527 3365 ad
584 3301 849 3366 multam
914 3300 1007 3377 (id
1067 3307 1164 3367 est
1218 3301 1306 3367 ad
1363 3322 1505 3368 eam
1563 3322 1875 3368 summam
1932 3303 2174 3367 multae
2231 3317 2399 3381 quae

243 3383 544 3451 detractis
591 3391 951 3451 curatorum
997 3387 1224 3453 annuis
1280 3388 1696 3471 pensionibus
1751 3391 1973 3466 restat)
2027 3386 2398 3470 persolven-

242 3466 431 3536 dam“
494 3472 584 3549 (at
627 3470 694 3535 id
740 3471 950 3553 ipsum
996 3473 1304 3538 incertum
1366 3480 1493 3554 est,
1554 3480 1870 3556 quatenus
1914 3493 2065 3540 usus
2113 3469 2398 3552 vulgaris

242 3562 548 3639 congruat
592 3576 735 3622 cum
782 3576 897 3622 usu
943 3556 1384 3625 huiuscemodi
1416 3558 1874 3641 decretorum);
1920 3559 2011 3624 ita
2055 3564 2124 3625 ut
2169 3555 2398 3622 civitas

242 3642 595 3725 susceperit
650 3642 914 3707 multam
974 3650 1166 3709 antea
1220 3665 1261 3710 a
1313 3645 1708 3711 curatoribus
1767 3647 2060 3710 solutam.
2150 3644 2217 3708 in
2274 3638 2398 3703 hac

240 3727 536 3793 versione
579 3734 734 3810 puto
779 3728 1254 3795 subsistendum
1301 3750 1460 3796 esse.
1510 3764 1591 3773 —
1638 3731 1803 3795 alter
1843 3731 2064 3796 titulus
2110 3732 2196 3813 (p.
2246 3723 2398 3803 442)

241 3808 343 3878 hic
417 3816 543 3878 est:
632 3810 895 3898 ,,ὃῆμον
967 3816 1101 3879 τῶν
1169 3808 1531 3897 Ἀπαμέων
1604 3818 2033 3900 καθιέρωσαν
2103 3811 2398 3883 Λεύκιος

421 4033 468 4095 1)
504 4031 687 4086 Revue
723 4031 817 4087 des
844 4030 1034 4087 etudes
1061 4034 1337 4103 Grecques
1372 4036 1426 4089 11
1461 4052 1514 4104 p.
1545 4040 1626 4090 33.
1749 4040 1799 4102 2)
1833 4035 2056 4105 insuper
2079 4050 2188 4090 non
2223 4033 2394 4101 video,

244 4113 347 4166 qua
367 4099 581 4154 ratione
605 4100 775 4155 multa
801 4116 873 4156 co
890 4103 1177 4156 nventui
1201 4104 1453 4172 imposita
1477 4121 1576 4172 pro
1599 4120 1858 4160 concesso
1881 4120 2108 4174 corpore
2126 4103 2393 4167 (Momms.

240 4166 275 4222 l.
301 4166 334 4222 l.
370 4171 490 4235 443)
527 4168 597 4226 τὸ
635 4175 754 4226 τῶν
787 4168 1103 4244 κουρατό
1123 4191 1266 4241 ρων
1299 4169 1599 4243 ἐπιζήμιον
1632 4173 1895 4243 appellari
1929 4174 2117 4243 possit.
