2984 4875
1110 418 1194 427 -.
1286 388 1356 447 11
1451 418 1535 428 -.

1625 493 1647 519 0

227 552 510 634 habere,
558 559 690 618 tum
721 573 850 619 non
883 554 1088 618 minus
1120 558 1440 618 constaret
1483 551 1567 616 de
1613 550 1820 617 hisce:
1866 552 1919 630 I)
1966 572 2109 618 eam
2157 554 2399 633 urbem,

232 659 282 704 a
334 657 467 721 qua
508 658 742 704 nomen
787 639 978 704 sumit
1028 643 1377 704 conventus
1421 637 1490 703 C.
1518 638 1613 716 R.,
1661 642 1855 721 caput
1898 636 2216 704 dioecesis
2260 658 2401 705 esse

230 729 422 799 (nam
480 730 550 789 ut
602 724 919 790 dioecesis
978 723 1072 789 sic
1127 728 1512 789 conventum
1571 721 1640 788 C.
1674 723 1747 786 R.
1803 742 1844 786 a
1900 724 2111 805 capite
2168 743 2402 789 nomen

230 809 548 893 accipere
592 810 738 875 illos
785 808 1139 875 concedere
1185 827 1345 892 opus
1377 810 1516 885 est).
1592 805 1896 874 cohaeret
1939 827 2081 874 cum
2128 807 2252 875 hac
2294 828 2400 874 ne·

232 895 548 960 cessitate
622 894 784 960 alia:
870 894 1197 960 dioecesin
1262 895 1440 978 prius
1507 893 1705 959 fuisse
1763 912 1954 975 quam
2019 899 2400 960 conventum

233 978 315 1044 O.
344 979 458 1061 R.;
502 1014 586 1024 -
630 980 720 1057 II)
784 998 1048 1046 necesse
1103 987 1240 1044 erat
1295 977 1720 1062 significatum
1777 996 1920 1043 esse
1976 979 2068 1044 ita
2126 999 2399 1045 conven-

234 1071 383 1131 tum
440 1064 509 1130 G.
535 1066 610 1130 R.
657 1072 752 1149 ut,
811 1065 898 1131 ad
942 1083 1137 1146 quarn
1193 1063 1520 1130 dioecesin
1579 1064 1926 1146 pertineat,
1991 1066 2400 1148 perspicuum

237 1151 355 1231 sit,
403 1169 503 1215 ex.
552 1151 788 1233 gratia:
836 1151 1011 1216 cives
1060 1150 1132 1214 R.
1180 1150 1291 1231 qui
1343 1150 1512 1213 intra
1569 1149 1894 1215 dioecesin
1941 1150 2402 1232 Pergamenum

235 1236 512 1318 negotia
569 1235 808 1301 habent
864 1235 995 1300 dici
1041 1235 1260 1317 „cives
1313 1235 1386 1299 R.
1436 1240 1788 1300 conventus
1841 1233 2284 1317 Pergameni“.
2318 1269 2401 1279 -

236 1328 313 1385 at
376 1320 575 1403 (quod
631 1320 715 1385 ad
773 1320 829 1399 I)
895 1320 1256 1385 invenimus
1321 1319 1652 1402 Thyatiris
1719 1318 2189 1402 „conventum“
2258 1341 2399 1387 cum

243 1412 586 1488 „curatore
614 1407 850 1471 civium
883 1401 1003 1470 R.“
1021 1403 1334 1489 Thyatira
1357 1410 1574 1470 autem
1618 1404 1770 1470 inde
1814 1406 1898 1470 ab
1944 1425 2110 1471 anno
2143 1404 2400 1471 demum

244 1494 382 1555 215
426 1498 575 1574 post
597 1490 712 1557 Ch.
745 1491 996 1571 (bullet.
1028 1490 1112 1555 de
1144 1510 1303 1556 corr.
1331 1488 1565 1555 hellen.
1613 1490 1675 1554 X
1705 1510 1766 1573 p.
1795 1492 1942 1567 417)
1987 1497 2182 1575 caput
2226 1491 2402 1557 dioe-

243 1577 419 1642 cesis
483 1576 617 1641 fuit.
745 1582 936 1642 antea
1002 1576 1282 1659 pertinet
1352 1576 1438 1640 ad
1525 1574 1851 1641 dioecesin
1938 1575 2401 1658 Pergamenam

243 1659 580 1744 (Plinius);
626 1681 745 1727 nec
776 1663 984 1727 minus
1029 1661 1140 1727 ubi
1173 1657 1607 1742 „conventus“
1654 1661 1851 1726 ceteri
1883 1662 2292 1727 inveniuntur
2336 1663 2401 1729 in

244 1746 593 1828 HelvetiiS,
640 1746 1033 1813 Mascululae
1090 1746 1306 1811 nullae
1353 1745 1685 1812 dioeceses
1744 1752 1908 1811 sunt.
1956 1780 2039 1791 -
2084 1747 2258 1829 quod
2317 1747 2403 1812 ad

242 1833 625 1916 scriptores,
702 1832 870 1897 Lissi
943 1837 1371 1913 „conventum
1435 1830 1506 1896 C.
1554 1828 1671 1895 R.“
1733 1832 2093 1898 constitisse
2162 1832 2402 1898 Caesar

244 1918 335 1992 (b.
385 1918 507 1983 ciV.
553 1917 650 1982 III
696 1920 809 2000 293
859 1919 964 1993 40)
1022 1916 1237 1981 tradit.
1329 1916 1647 1983 dioecesis
1715 1922 1930 1982 autem
1994 1937 2121 1982 non
2182 1918 2403 1984 Lissus

244 2008 349 2069 est
405 2001 521 2069 sed
566 2003 825 2068 Narona
882 2002 1071 2078 (Plin.
1117 2001 1213 2066 III
1259 2004 1295 2078 ὅ
1346 2003 1510 2076 144).
1559 2037 1641 2046 -
1685 2003 1815 2066 iam
1871 2022 2062 2068 nemo
2116 2003 2400 2086 negabit,

246 2107 397 2154 cnm
436 2087 668 2153 dicitur
697 2093 1091 2169 „conventus
1122 2087 1355 2152 civium
1395 2087 1467 2151 R.
1502 2088 1611 2169 qui
1644 2086 1935 2153 habitant
1965 2085 2403 2154 Mascululae“

250 2193 384 2238 non
453 2171 800 2255 significari
864 2178 1057 2255 caput
1120 2172 1435 2238 dioecesis
1496 2173 1613 2256 sed
1671 2173 1899 2239 locum.
1988 2193 2130 2239 cum
2190 2181 2403 2239 autem

244 2257 523 2324 formula
581 2259 796 2340 „cives
857 2258 930 2322 R.
990 2257 1099 2339 qui
1157 2258 1692 2340 negotiantur
1751 2253 2164 2342 Prymnessi“
2230 2259 2403 2324 idem

245 2341 567 2427 significet
617 2342 791 2425 quod
851 2337 1248 2425 „babitant“,
1308 2349 1690 2408 conventum
1733 2343 1818 2408 ad
1878 2344 2204 2409 dioecesin
2260 2364 2402 2428 per-

245 2429 474 2512 tinere,
520 2429 648 2493 iam
695 2428 815 2494 erit
858 2429 969 2511 qui
1013 2449 1140 2494 non
1172 2428 1410 2494 credat.
1443 2464 1524 2472 —
1558 2428 1732 2512 quod
1762 2437 1974 2495 autem
2018 2430 2084 2494 in
2115 2450 2194 2495 ea
2222 2430 2402 2513 urbe,

247 2516 429 2581 cuius
476 2520 724 2581 coetum
759 2514 829 2580 C.
856 2516 930 2579 R.
978 2515 1292 2595 novimus,
1339 2522 1691 2580 conventus
1724 2514 2030 2581 iuridicus
2079 2535 2274 2599 saepe
2311 2518 2401 2580 in·

247 2601 522 2679 venitur,
555 2601 609 2665 si
640 2620 768 2664 non
800 2600 1191 2664 inveniretur
1217 2601 1444 2664 mirum
1478 2606 1648 2665 esset
1678 2620 1819 2665 cum
1854 2602 1919 2665 in
1944 2602 2173 2684 quovis
2197 2620 2402 2685 paene

255 2684 565 2769 oppidulo
612 2685 813 2759 (velut
846 2683 912 2747 ἑν
943 2681 1120 2748 Νάει
1151 2683 1511 2768 Phrygiae;
1559 2685 1711 2751 vide
1743 2686 1929 2761 infra)
1962 2687 2287 2752 consistat.
2321 2722 2404 2730 —

249 2771 706 2835 Mommsenius
757 2776 973 2836 censet
1014 2769 1322 2846 (Hermae
1355 2769 1475 2835 VII
1521 2790 1582 2852 p.
1618 2774 1738 2835 319
1785 2777 1897 2837 not
1928 2774 1987 2847 2)
2020 2779 2404 2837 conventum

251 2854 320 2921 C.
348 2856 421 2919 R.
471 2855 732 2938 Capuae
781 2853 1032 2934 (Cicero
1077 2874 1139 2936 p.
1188 2854 1427 2931 Sestio)
1473 2875 1516 2919 a
1560 2859 2069 2939 „praefectorum
2118 2855 2405 2940 Capuam

248 2938 525 3006 Cumas“
558 2940 842 3006 dioecesi
873 2960 1102 3006 nomen
1145 2941 1414 3023 cepisse.
1488 2947 1556 3004 at
1586 2942 1902 3008 dioecesis
1933 2942 2401 3025 praefectorum

254 3191 431 3257 cesin‚
467 3191 824 3259 posteriorem
871 3193 1168 3247 secundum
1217 3192 1458 3259 singulas
1504 3190 1763 3245 civitates.
1839 3197 2205 3258 ,‚conventus“
2241 3208 2404 3247 voca-

248 3260 433 3314 bulum
457 3260 735 3328 proprium
770 3265 930 3327 putat
963 3275 1084 3315 esse
1107 3261 1276 3329 priori
1312 3260 1503 3328 classi3
1544 3265 1603 3313 at
1637 3261 1747 3312 iam
1771 3259 1962 3314 titulus
1986 3261 2401 3316 Mascululanus

254 3334 580 3395 „conventus
626 3328 817 3381 civium
853 3328 919 3382 R.
942 3359 1090 3367 —--
1114 3328 1225 3398 qui
1260 3329 1583 3382 habitant
1618 3327 2093 3383 Mascululae“
2131 3331 2403 3396 ceterique

258 3399 558 3451 monstrant
582 3411 690 3450 non
726 3396 902 3450 minus
940 3396 1085 3450 illam
1112 3398 1463 3451 recentiorem
1489 3401 1572 3463 (ut
1607 3395 1803 3463 fingam
1827 3412 1886 3450 re
1911 3413 2037 3451 vera
2059 3397 2232 3452 fuisse
2268 3399 2404 3451 duas

255 3465 469 3529 classes)
506 3464 733 3518 formam
757 3465 835 3518 sic
861 3464 967 3519 dici
991 3466 1208 3520 nomina
1245 3480 1314 3519 ue
1349 3465 1536 3520 eadem
1562 3465 1843 3518 mansisse.
1897 3470 2068 3518 restat
2090 3472 2151 3519 ut
2175 3467 2404 3520 refutem

259 3532 518 3586 rationem
541 3535 802 3585 mutatam
828 3546 966 3587 esse.
1026 3539 1187 3603 atque
1267 3533 1410 3587 icero
1433 3539 1772 3600 „conventus
1812 3533 1952 3588 O.R.
1991 3534 2404 3603 Syracusanus“

258 3605 309 3655 et
343 3600 520 3665 „cives
547 3599 610 3653 R.
642 3600 732 3668 qui
757 3600 1039 3670 Syracusis
1066 3602 1446 3669 negotiantur“
1471 3601 1777 3669 promiscue
1801 3601 1946 3655 dicit.
2008 3602 2103 3667 ‚,C.
2126 3602 2191 3657 R.
2230 3603 2323 3673 qui
2348 3603 2401 3657 S.

255 3667 629 3736 negotiantur“
667 3683 788 3721 cum
824 3684 981 3723 nemo
1008 3684 1202 3737 negare
1227 3669 1402 3737 possit
1425 3671 1494 3724 ad
1519 3668 1818 3737 pomerium
1843 3671 2245 3738 Syracusanum
2280 3687 2403 3740 per-

257 3737 438 3798 tinere,
461 3735 706 3804 sequitur
730 3741 1124 3800 ‚,conventum“
1151 3738 1257 3790 dici
1280 3737 1444 3791 etiam
1467 3739 1572 3792 hoc
1602 3739 1871 3791 urbanum
1897 3739 2184 3806 collegium
2210 3741 2404 3794 civium

258 3805 322 3858 R.
346 3834 412 3842 —
437 3804 544 3858 alia
577 3802 723 3857 infra
746 3804 943 3858 addam
978 3806 1105 3859 dum
1128 3804 1294 3859 reicio
1332 3821 1630 3875 unquam
1669 3804 1809 3860 cives
1837 3806 1903 3859 R.
1931 3807 2229 3862 secundum
2259 3809 2403 3862 dioe-

258 3886 404 3926 ceses
432 3873 756 3926 constitutos
792 3873 979 3927 fuisse.
1050 3874 1157 3928 hoc
1191 3889 1359 3928 unum
1395 3888 1597 3943 quaero
1632 3874 1741 3926 iam
1778 3875 1867 3928 hic
1903 3875 1997 3928 ubi
2034 3876 2162 3929 mihi
2196 3892 2283 3930 res
2322 3879 2405 3929 est

258 3956 376 3995 cum
423 3940 634 3997 duobus
682 3955 740 3994 se
784 3942 1177 4010 excipientibus
1226 3944 1521 3997 conventus
1559 3940 1618 3996 C.
1647 3942 1712 3997 R.
1753 3942 1966 4010 formis,
2012 3959 2150 4011 quae
2186 3944 2404 3999 tandem

261 4023 424 4064 causa
449 4008 688 4077 potuerit
723 4024 858 4075 esse,
897 4015 959 4063 ut
995 4010 1135 4066 cives
1162 4010 1245 4077 R„
1284 4026 1513 4079 quorum
1547 4025 1645 4078 per
1670 4011 1908 4078 singulas
1933 4013 2094 4066 urbes
2130 4017 2218 4067 sat
2251 4013 2404 4066 multi

259 4076 689 4199 negogiabantur÷
725 4092 833 4131 non
859 4078 1070 4146 singula
1105 4094 1202 4148 per
1225 4080 1460 4147 singulas
1489 4078 1734 4133 civitates
1763 4081 1988 4147 collegia
2011 4081 2273 4135 haberent
2307 4081 2403 4136 sed

255 4160 347 4214 per
415 4159 651 4199 ioeceses
