2984 4875
1164 384 1585 446 ...13-

291 554 561 620 urbibus
617 553 717 620 ius
772 552 1057 618 dicturus
1123 552 1236 634 sit,
1304 558 1520 617 tamen
1579 552 1646 616 in
1702 550 1804 617 his
1862 551 2178 633 eligendis
2230 570 2453 618 norma

292 640 521 721 aliqua
566 639 896 704 observari
955 639 1267 721 oportuit,
1323 657 1405 704 ne
1422 686 1439 720 ,
1486 638 1668 702 verbi
1712 656 1935 717 causa,
1993 655 2256 720 praeses
2302 657 2449 702 con-

293 731 558 790 ventum
617 722 931 789 indiceret
994 724 1113 788 toti
1179 723 1552 805 provinciae
1609 723 1675 786 in
1731 721 1895 787 duas
1959 722 2151 787 urbes
2209 721 2451 790 ultimis

295 811 366 876 in
421 807 656 875 finibus
701 810 890 890 sitae,
948 808 1066 875 sed
1110 808 1478 890 dispertiret
1535 807 1816 890 quadam
1860 807 2250 889 aequalitate
2310 807 2453 874 fora

293 901 370 961 ut
446 893 676 960 Cicero
739 892 1151 975 proficiscens
1217 895 1283 957 in
1348 893 1771 975 provinciam.
1825 926 1897 935 -
1960 892 2125 957 hanc
2189 911 2452 958 consue·

294 978 585 1048 tudinem
653 981 759 1055 (—-
825 998 1060 1044 caveas
1104 979 1336 1060 -legem
1403 978 1617 1060 dicaS,
1684 996 1851 1060 quae
1928 977 2108 1042 nulla
2170 977 2290 1042 fuit
2340 979 2451 1052 ——)

297 1065 529 1131 Cicero
574 1062 895 1147 significat
940 1064 1118 1129 Verr.
1165 1064 1239 1146 V,
1288 1064 1400 1127 28:
1449 1111 1463 1126 .
1492 1111 1509 1128 .
1556 1060 1876 1145 „oppidis,
1934 1064 1998 1123 in
2043 1061 2262 1145 quibus
2306 1080 2448 1123 con-

293 1150 524 1212 sistere
573 1158 912 1231 praetores
966 1158 1032 1210 et
1085 1157 1450 1211 conventum
1508 1168 1698 1228 ayere
1751 1143 2053 1211 soleant.“
2099 1183 2180 1191 —-
2243 1146 2453 1216 habeo

297 1235 671 1318 exemplum
727 1240 1063 1318 praeterea
1120 1233 1274 1299 hoc:
1331 1232 1401 1298 G.
1448 1232 1762 1299 Servilius
1807 1231 2342 1298 Panhormitanus
2387 1233 2454 1298 in

295 1321 438 1387 foro
484 1320 781 1403 Lilybaei
825 1319 1173 1402 respondet
1214 1317 1455 1384 iudicio
1514 1318 1717 1394 (Verr.
1767 1318 1839 1400 V,
1891 1321 2053 1393 140).
2144 1317 2350 1399 quod,
2397 1318 2454 1383 si

297 1403 807 1472 Panhormitana
868 1404 1216 1485 dioecesis,
1277 1423 1469 1485 quam
1528 1403 2003 1486 Marquardtius
2074 1403 2451 1480 (administr.

296 1492 458 1574 imp.
503 1491 577 1554 R.
637 1490 670 1554 Ι
712 1511 776 1573 p.
829 1492 978 1563 247)
1035 1488 1222 1572 fingit
1279 1508 1314 1554 e
1372 1489 1514 1554 loco
1576 1488 1883 1554 Verrinae
1938 1489 2198 1571 quintae
2258 1491 2294 1565 ὅ
2355 1490 2454 1568 16,

295 1576 545 1656 fuisset,
589 1574 729 1641 fieri
773 1594 901 1639 non
930 1576 1158 1658 potuit.
1190 1610 1270 1619 —
1304 1573 1629 1657 quomodo
1675 1580 1891 1638 autem
1923 1574 2255 1640 dioeceses
2299 1593 2456 1656 pau-

294 1661 484 1726 latim
545 1680 581 1725 e
625 1660 1063 1726 iurisdictione
1120 1678 1236 1742 per
1295 1666 1502 1725 certas
1560 1659 1749 1724 urbes
1807 1659 2029 1725 haberi
2083 1659 2274 1724 solita
2316 1657 2456 1724 fieri

299 1747 663 1830 potuerint,
723 1746 1005 1828 perspici
1065 1751 1308 1827 potest:
1375 1746 1428 1809 si
1483 1746 1655 1809 enim
1684 1751 2045 1827 'praetores
2112 1744 2456 1827 disponere

298 1837 657 1898 conventus
702 1850 818 1912 per
861 1831 1260 1913 provinciam
1308 1829 1621 1910 solebant,
1666 1829 1983 1911 reliquum
2016 1838 2171 1911 erat,
2218 1836 2288 1894 ut
2332 1827 2457 1893 hae

300 1917 624 1997 civitates,
671 1934 837 1998 quae
869 1915 1142 1981 eundem
1173 1921 1558 1980 conventum
1589 1922 1810 1998 petere
1839 1924 2277 1996 assueverant,
2311 1915 2457 1996 lege

295 2000 753 2068 addicerentur
778 2001 841 2066 ei
872 2000 1232 2079 conventui,
1281 2006 1345 2065 et
1375 2001 1503 2064 iam
1533 2019 1570 2065 e
1596 2000 1781 2081 vagis
1826 2000 2247 2065 conventibus
2281 2000 2457 2064 dioe-

298 2087 469 2153 cesis
537 2092 690 2151 nata
760 2092 912 2150 erat.
984 2119 1059 2130 --
1146 2104 1271 2166 quo
1327 2091 1615 2167 tempore
1673 2085 1787 2149 illa
1852 2085 2247 2151 consuetudo
2336 2083 2459 2151 hac

296 2172 449 2253 lege
478 2170 611 2235 fixa
653 2171 755 2253 sit,
785 2171 1022 2237 nescio.
1098 2189 1265 2236 anne
1297 2190 1440 2235 cum
1470 2172 1795 2252 Augustus
1837 2190 2004 2234 anno
2053 2170 2280 2248 727l27
2312 2190 2456 2254 pro·

299 2257 553 2323 vincias
599 2254 900 2322 ornaret?

477 2361 628 2423 ergo
682 2342 847 2406 inter
903 2347 1253 2407 conventus
1308 2338 1378 2405 C.
1413 2340 1486 2404 R.
1536 2345 1600 2404 et
1655 2339 1987 2405 dioeceses
2045 2339 2222 2404 nulla
2266 2340 2456 2405 inter·

298 2425 475 2494 cedit
519 2427 723 2499 ratio„
790 2446 999 2508 neque
1044 2446 1323 2508 unquam
1368 2425 1565 2507 (quod
1622 2426 1895 2490 alterum
1952 2427 2318 2491 necessario
2366 2427 2456 2491 in·

294 2513 656 2590 veniretur)
715 2518 934 2577 coetus
994 2512 1228 2577 civium
1273 2512 1347 2575 R.
1394 2531 1435 2576 a
1480 2511 1766 2576 dioecesi
1808 2530 2044 2576 nomen
2089 2510 2296 2593 ducit,
2343 2512 2460 2579 sed

299 2618 420 2665 seu
465 2599 549 2662 ab
595 2598 877 2678 civitate,
925 2598 990 2661 in
1025 2616 1152 2679 qua
1196 2598 1499 2678 incolunt,
1545 2616 1660 2662 seu
1703 2616 1745 2660 a
1788 2597 1930 2661 loco
1977 2598 2032 2661 si
2079 2595 2264 2661 deest
2307 2598 2460 2662 civi-

299 2691 422 2748 tas,
457 2716 538 2727 -
565 2682 1037 2765 Marquardtius
1066 2683 1131 2757 (l.
1166 2682 1206 2745 l.
1241 2703 1302 2765 p.
1330 2684 1451 2746 247
1484 2689 1615 2746 not.
1651 2682 1711 2757 3)
1751 2680 1939 2747 affert
1968 2682 2179 2746 locum
2211 2681 2457 2747 Verrin.

303 2768 385 2850 V,
438 2771 555 2832 140
604 2767 811 2852 „civis
857 2768 931 2831 R.
977 2786 1014 2832 e
1060 2774 1472 2832 conventu
1518 2762 2062 2832 Panhormitano“
2121 2776 2190 2831 ut
2233 2769 2462 2850 probet

300 2852 873 2919 Panhormitanam
958 2851 1287 2918 dioecesin
1373 2853 1658 2933 aliquam
1730 2852 1947 2917 fuisse.
2065 2853 2304 2918 vellem
2378 2872 2461 2918 ne

297 2938 736 3020 neglexisset,
796 2936 920 3002 hoc
963 2939 1105 3020 ipso
1152 2939 1218 3001 in
1263 2938 1407 3002 loco
1452 2938 1730 3018 narrari,
1790 2937 1871 3002 de
1918 2938 2060 3003 cive
2106 2937 2180 3001 R.
2230 2956 2265 3002 e
2311 2958 2458 3003 con·

302 3030 506 3090 ventu
551 3023 624 3087 P.
673 3023 739 3087 in
783 3022 922 3087 foro
955 3021 1363 3104 Syracusano
1408 3023 1508 3086 ius
1540 3021 1782 3086 dictum
1815 3023 1991 3087 esse!
2081 3022 2199 3087 sed
2245 3021 2358 3103 „C.
2385 3024 2459 3087 R.

304 3129 343 3176 e
389 3114 706 3174 conventu
764 3105 879 3170 P.“
938 3108 1169 3172 dicitur
1236 3114 1332 3189 ut,
1399 3108 1580 3172 verbi
1646 3126 1859 3189 causa,
1926 3127 2053 3189 „ex
2113 3109 2461 3192 municipio

300 3189 680 3275 Apulensi“.
725 3226 810 3237 —-
855 3194 1063 3272 „cives
1107 3190 1190 3256 R.
1241 3200 1576 3253 conventus
1636 3188 1993 3252 Helvetici“
2054 3191 2289 3257 dicitur
2343 3213 2461 3276 pro

304 3283 702 3362 „conventus
735 3275 803 3341 C.
831 3279 906 3342 R.
940 3273 1375 3344 Helveticus“.
1467 3277 1697 3342 eadem
1741 3277 2019 3343 formula
2062 3278 2322 3360 saepius
2368 3279 2459 3342 in-

303 3364 590 3430 venitur:
639 3361 877 3428 Caesar
921 3364 982 3428 b.
1028 3363 1150 3428 civ.
1197 3365 1312 3427 20:
1372 3362 1589 3444 „quod
1632 3363 1872 3427 factum
1915 3363 2082 3427 adeo
2129 3364 2267 3427 eius
2314 3382 2463 3428 con-

304 3455 536 3518 ventus
599 3448 776 3514 cives
835 3448 1108 3513 Romani
1164 3449 1740 3530 comprobaverunt
1796 3444 1920 3492 —-“
1983 3447 2088 3521 (de
2145 3456 2463 3514 conventu

305 3533 681 3616 Hispalensi
749 3532 952 3608 dicit).
1063 3540 1402 3614 praeterea
1473 3533 1824 3614 dioecesis,
1902 3552 2067 3614 quae
2135 3533 2463 3599 civitatem

305 3619 757 3685 Helvetiorum
806 3617 1428 3701 comprehendisset,
1473 3619 1653 3683 nulla
1695 3619 1835 3683 fuit.
1923 3625 2307 3701 conventuS,
2353 3620 2465 3701 qui

309 3705 379 3768 in
423 3704 688 3770 civitate
733 3705 977 3769 urbana
1022 3703 1201 3785 degit
1244 3703 1326 3767 ab
1373 3703 1550 3784 urbe,
1598 3704 1708 3785 qui
1752 3703 1819 3767 in
1864 3704 2125 3769 civitate
2171 3702 2464 3771 Gallicae

308 3789 586 3871 formae,
654 3810 696 3854 a
740 3789 1001 3854 civitate
1046 3808 1280 3853 nomen
1323 3787 1519 3852 ducit.
1614 3790 1727 3854 vix
1783 3797 1881 3854 est
1937 3788 2109 3870 quod
2168 3809 2461 3854 moneam

313 3874 646 3940 dioecesin
690 3894 732 3938 a
776 3875 987 3957 capite
1031 3892 1181 3955 suo,
1240 3871 1310 3937 id
1369 3881 1465 3937 est
1521 3875 1603 3938 ab
1649 3873 1839 3954 urbe,
1900 3874 2214 3939 nominari
2259 3875 2351 3938 ita
2395 3881 2466 3938 ut

307 3965 708 4041 „conventus
738 3954 1230 4025 Aventicensis“
1277 3958 1546 4040 cogitari
1605 3959 1826 4041 possit,
1873 3958 2247 4025 Helveticus
2286 3959 2463 4025 nullo

308 4043 524 4110 modo.
574 4079 654 4089 -
687 4079 770 4088 -—
814 4046 944 4108 iam
974 4064 1077 4109 res
1123 4044 1216 4109 sic
1246 4062 1316 4108 se
1347 4042 1544 4108 habet
1571 4050 1642 4108 ut
1682 4045 2072 4127 apparuerit,
2120 4043 2294 4125 quod
2336 4045 2462 4110 iam

310 4131 381 4194 in
422 4131 605 4196 initio
650 4130 1022 4210 monstravi,
1070 4135 1494 4213 „conventum
1542 4128 1611 4195 O.
1638 4126 1755 4192 R.“
1804 4128 2032 4194 eodem
2092 4130 2230 4194 iure
2289 4129 2464 4195 idem
