2984 4875
1454 373 1877 433 -10—

587 540 837 623 poralis
884 537 1171 604 definitio
1218 558 1346 604 non
1390 538 1561 620 insit,
1607 559 1733 604 non
1778 540 1991 624 video,
2038 560 2149 607 cur
2176 559 2306 606 non
2350 546 2420 605 ut
2449 540 2531 607 de
2576 561 2728 608 coe·

592 625 763 691 tibus
805 643 1157 708 paucorum
1200 623 1450 689 dierum
1500 625 1594 691 sic
1622 624 1707 690 de
1750 627 2078 710 perpetuis
2123 624 2560 710 ‚‚conventus“
2604 625 2747 694 dici

581 712 878 795 potuerit.

755 796 824 863 C.
871 795 941 862 C.
987 796 1063 860 R.
1112 813 1367 878 semper
1423 792 1744 878 significat
1797 815 2129 862 numerum
2184 795 2546 878 hominum,
2604 815 2747 861 non

583 882 670 949 ad
730 883 941 948 locum
1007 879 1497 963 significandum
1564 881 1935 946 translatum
2003 888 2118 947 est.
2220 881 2745 948 Pseudasconius

504 1016 509 1021 -
585 967 710 1035 hoc
766 987 893 1032 non
959 966 1143 1032 vidit.
1234 971 1454 1031 contra
1523 972 1874 1032 conventus
1940 966 2276 1033 iudiciales
2342 987 2484 1032 cum
2554 968 2743 1033 terri-

585 1053 847 1120 toriales
891 1050 1119 1118 fierent
1160 1058 1444 1117 veterem
1491 1052 1624 1116 vim
1669 1071 1796 1117 non
1854 1054 1946 1118 sic
1992 1052 2337 1118 servabant
2379 1058 2443 1117 et
2486 1051 2744 1119 Plinius

587 1139 745 1206 dicit
789 1143 1219 1221 „conventum
1264 1135 1551 1220 petere“,
1598 1137 1976 1219 „provincia
2002 1136 2315 1203 dividitur
2356 1138 2425 1202 in
2454 1156 2741 1203 conven-

587 1221 750 1290 tus“.
874 1224 1165 1307 perlucet
1228 1228 1445 1287 tamen
1531 1222 1831 1287 vocabuli
1911 1224 2087 1306 prior
2165 1224 2265 1289 vis
2345 1242 2488 1288 cum
2577 1220 2747 1289 dicit

581 1310 661 1386 (V
679 1310 838 1387 §95J
863 1309 1254 1392 ‚,Lycaonia,
1281 1326 1422 1373 cum
1450 1327 1579 1390 qua
1603 1309 1991 1373 conveniunt
2013 1307 2544 1373 Philomelienses
2569 1305 2743 1373 etc.“

752 1396 833 1459 in
879 1394 1155 1460 titulis
1212 1393 1385 1458 idem
1431 1394 1543 1475 qui
1587 1392 1762 1476 apud
1806 1394 2148 1477 scriptores
2192 1394 2372 1460 vocis
2418 1413 2743 1477 „conven-

579 1475 725 1547 tus“
780 1500 931 1547 usus
990 1485 1103 1545 est.
1193 1479 1515 1544 invenitur
1572 1479 1958 1544 vocabulum
2016 1480 2083 1544 in
2155 1478 2359 1545 hisce:
2428 1480 2592 1539 cives
2651 1477 2744 1543 R.

584 1575 919 1629 conventus
977 1563 1330 1639 Helvetia-i,-
1386 1584 1560 1625 conv.
1621 1564 1845 1625 civium
1903 1564 1983 1627 R.
2028 1575 2091 1627 et
2145 1562 2566 1627 Numidarum
2623 1564 2744 1647 qui

584 1650 970 1714 Maso-ululae
1023 1648 1337 1724 habitant3
1405 1650 1869 1732 (Brigantione)
1925 1651 2089 1712 cives
2147 1649 2228 1711 R.
2287 1647 2366 1711 de
2431 1657 2740 1710 conventu

580 1737 803 1799 civium
848 1735 961 1809 R.‚·
1007 1730 1042 1800 ὁ
1089 1736 1223 1800 τῶν
1261 1728 1600 1816 Ῥωμαίων
1643 1732 2018 1816 κόνβεντοςε
2100 1734 2558 1819 Thyatirae.-
2589 1753 2740 1800 cum

580 1821 681 1888 his
728 1822 1019 1905 collegiis
1063 1822 1299 1888 civium
1346 1823 1419 1887 R.
1468 1816 1906 1903 ,‚conventus“
1962 1822 2073 1904 qui
2128 1821 2424 1886 dicuntur
2477 1819 2738 1885 iuridici

582 1908 760 1974 nulla
803 1908 1051 1973 ratione
1097 1907 1417 1972 coniuncti
1448 1906 1853 1972 videbantur.
1889 1941 1972 1951 —-
2016 1912 2232 1972 tamen
2262 1906 2439 1971 aliud
2470 1905 2694 1971 creder

579 1993 705 2058 viri
751 1991 923 2059 docti
967 1992 1078 2076 qui
1123 1991 1240 2058 has
1284 2011 1388 2058 res
1444 1993 1818 2074 tetigerunt,
1877 1998 2362 2058 consueverunt.
2410 2026 2492 2035 —
2536 1998 2735 2073 atque

582 2078 1039 2143 Mommsenius
1086 2077 1386 2152 (Hermae
1418 2078 1547 2142 vol.
1576 2078 1693 2141 VII
1740 2080 1896 2160 319,
1936 2076 2081 2143 hist.
2110 2078 2291 2143 Rom.
2315 2077 2401 2141 11⁷
2431 2098 2493 2160 p.
2521 2078 2669 2153 407)
2686 2077 2729 2151 ¹)

581 2169 802 2229 censet
831 2169 1323 2229 conventum
1368 2162 1437 2228 C.
1467 2163 1539 2227 R.
1572 2162 1703 2228 dici
1728 2164 2210 2229 universitatem
2242 2163 2483 2229 civium
2512 2181 2735 2227 eorum

582 2249 695 2331 qui
740 2249 906 2314 intra
949 2248 1206 2313 iuridici
1253 2244 1690 2330 ‚,conventus“
1736 2268 1787 2314 s.
1834 2248 2149 2315 dioecesis
2195 2247 2352 2315 fines
2418 2246 2733 2329 habitant,

582 2334 754 2398 idem
800 2333 1166 2399 Waltherus
1227 2330 1403 2415 (hist.
1450 2334 1626 2400 iuris·
1664 2334 1938 2399 Romani
1985 2335 2056 2415 1²,
2105 2335 2251 2411 280)
2267 2333 2312 2410 ²)
2369 2334 2475 2398 vel
2518 2333 2731 2415 potius

582 2419 682 2486 W.
708 2425 777 2485 ut
807 2418 1176 2486 Rudorffius
1221 2418 1392 2498 (hist.
1427 2420 1543 2485 iur.
1578 2420 1755 2485 Rom.
1788 2419 1851 2485 II
1881 2442 1944 2504 p.
1979 2419 2045 2500 5)
2076 2424 2499 2504 „conventum
2525 2418 2595 2485 C.
2614 2412 2731 2483 R.“

580 2506 823 2572 iudicat
881 2506 1080 2571 fuisse
1139 2505 1464 2592 dioecesin
1522 2505 1760 2570 civium
1817 2507 1889 2570 R.
1943 2506 2349 2589 litigantium.
2460 2504 2543 2570 de
2609 2503 2732 2569 hac

580 2591 900 2657 sententia
930 2590 1099 2655 infra
1127 2590 1341 2656 dicam
1374 2594 1461 2674 (p.
1496 2593 1615 2667 15).
1705 2591 2009 2657 Morelius
2041 2592 2124 2657 de
2154 2596 2472 2657 conventu
2504 2588 2731 2655 eadem

584 2696 750 2760 quae
782 2675 1242 2741 Mommsenius
1277 2682 1512 2742 censet.
1588 2675 1948 2759 Mitteisius‚
1994 2696 2138 2742 cum
2169 2682 2340 2741 tacet
2370 2674 2452 2741 de
2482 2675 2729 2740 ratione

583 2764 750 2828 inter
792 2767 1177 2829 conventum
1225 2760 1293 2827 C.
1322 2762 1394 2826 R.
1444 2768 1510 2825 et
1552 2761 1896 2827 iuridicum
1941 2766 2156 2844 (quem
2203 2758 2616 2845 „dioecesin“
2660 2766 2729 2824 ut

579 2846 809 2913 Strabo
883 2846 1254 2930 appellabo)
1328 2846 1614 2931 profiteri
1685 2847 1926 2911 nullam
2003 2846 2168 2913 hanc
2241 2865 2382 2912 esse
2455 2845 2725 2911 videtur.

585 2967 658 2976 —
711 2933 931 2998 statuit
992 2933 1217 3014 igitur,
1279 2933 1389 3014 qui
1449 2931 1625 3014 quod
1682 2932 1967 2997 Momms.
2015 2938 2225 3016 putat,
2295 2924 2729 3013 ‚,conventus“

584 3017 902 3083 vocabulo
950 3018 1228 3102 primum
1274 3018 1637 3101 appellatas
1669 3037 1809 3084 esse
1841 3016 2195 3099 dioeceses,
2240 3017 2322 3083 ab
2369 3015 2467 3082 his
2497 3034 2727 3081 nomen

586 3103 964 3168 translatum
1021 3123 1163 3169 esse
1230 3104 1315 3168 ad
1371 3104 1610 3169 civium
1672 3103 1745 3168 R.
1793 3102 2141 3168 seeundum
2198 3102 2355 3167 fines
2412 3101 2727 3166 dioecesis

584 3188 991 3253 constitutam
1057 3189 1541 3254 universitatem
1555 3189 1619 3264 ³).
1740 3208 1820 3254 en
1883 3187 2198 3270 fingamus
2275 3206 2411 3251 rem
2490 3188 2582 3251 ita
2660 3204 2726 3250 se

755 3392 803 3452 1)
839 3386 964 3452 „die
999 3388 1281 3443 innerhalb
1318 3387 1464 3442 eines
1501 3388 1824 3441 Romischen
1865 3387 2382 3456 gerichtssprengels
2418 3386 2723 3442 verweilen-

579 3457 682 3510 den
707 3454 860 3510 Rom.
887 3456 1120 3522 burget-‘⁴
1158 3457 1285 3510 item
1318 3457 1376 3510 in
1413 3457 1646 3510 Hermae
1670 3455 1798 3509 XVI
1820 3457 1922 3510 vol.
1948 3472 2001 3524 p.
2028 3460 2160 3522 4773
2197 3457 2320 3524 eph.
2347 3472 2433 3524 ep.
2462 3455 2580 3521 VII,
2607 3458 2723 3510 442.

749 3527 802 3590 2)
836 3522 956 3589 „die
989 3525 1364 3592 gesammtheit
1398 3525 1574 3578 dieser
1606 3541 1676 3577 zu
1720 3525 1893 3578 einem
1929 3525 2150 3592 eigenen
2185 3525 2405 3592 landtag
2438 3524 2726 3593 gehorigen

577 3591 777 3646 Romer
814 3592 982 3647 bildet
1018 3594 1176 3647 einen
1200 3594 1422 3660 eigenen
1456 3594 1744 3647 convent.“
1916 3595 1968 3657 3)
2005 3593 2115 3647 Mo.
2141 3593 2198 3647 in
2231 3593 2465 3661 epistula
2502 3592 2725 3647 benione

577 3660 709 3714 mihi
742 3659 906 3714 missa.
939 3675 1051 3715 rem
1086 3661 1168 3715 sic
1192 3661 1381 3716 definit
1414 3663 1477 3715 ut
1501 3667 1683 3715 tenere
1705 3660 1893 3715 iubeat
1928 3662 2071 3728 „den
2102 3665 2388 3730 gegensatz
2428 3660 2523 3715 der
2552 3634 2721 3714 ποῖπ-

578 3728 871 3784 scheinlich
905 3728 1110 3783 alteren
1146 3734 1442 3784 conventus
1481 3730 1539 3783 C.
1561 3728 1629 3784 R.
1666 3729 1777 3782 und
1823 3728 1918 3782 der
1952 3730 2009 3781 in
2055 3730 2206 3783 einer
2240 3729 2519 3784 einzelnen
2555 3729 2721 3784 stadt-

575 3797 852 3865 gemeinde
888 3797 1200 3851 hausenden
1240 3797 1488 3852 Romer“.
1563 3797 1705 3851 hanc
1753 3797 2075 3850 sententiam
2110 3798 2308 3867 repetit
2346 3796 2723 3851 Mommsenius

575 3866 633 3918 in
657 3866 1039 3921 commentario
1065 3865 1275 3934 egregio
1311 3867 1380 3920 ad
1404 3867 1776 3934 Apameneum
1799 3866 2015 3918 titulum
2039 3867 2242 3935 scripto
2278 3866 2401 3934 eph.
2427 3866 2594 3947 epigr.
2623 3864 2723 3918 VII

576 3949 632 4002 p.
670 3937 798 3989 442:
838 3949 1000 4002 „nam
1035 3934 1298 3988 eiusmodi
1331 3933 1657 3988 universitas
1694 3934 1804 3988 sive
1840 3934 2024 4002 oppidi
2055 3936 2215 3989 unius
2249 3934 2464 3989 incolas
2489 3948 2631 3989 caves
2660 3932 2722 3987 R..

580 4002 984 4071 comprehendit
1016 4002 1143 4069 sive,
1219 4017 1288 4056 uo
1316 4001 1467 4056 ducit
1490 4002 1826 4070 potissimum
1862 4004 2052 4056 titulus
2078 4017 2244 4070 supra
2266 4002 2520 4056 laudatus
2544 4001 2723 4071 Thya-

578 4070 784 4126 tirenus
822 4076 889 4135 [v.
917 4070 1100 4136 infra]‚
1137 4019 1215 4123 ag
1232 4076 1554 4124 conventum
1580 4086 1746 4124 unum
1783 4070 1875 4139 qui
1899 4071 2174 4139 pertinent
2209 4071 2352 4125 cives
2375 4071 2443 4125 R.
2481 4070 2718 4124 omnes“.

578 4145 764 4194 censet
786 4140 952 4208 igitur
985 4138 1213 4207 primam
1240 4139 1507 4193 rationem
1533 4144 1826 4193 conventus
1864 4139 1923 4194 C.
1953 4138 2019 4194 R.
2056 4139 2224 4194 fuisse
2247 4139 2541 4194 secundum
2577 4138 2720 4193 dioe-
