<?xml version="1.0" encoding="UTF-8"?>
<!DOCTYPE html PUBLIC "-//W3C//DTD XHTML 1.0 Transitional//EN"
    "http://www.w3.org/TR/xhtml1/DTD/xhtml1-transitional.dtd">
<html xmlns="http://www.w3.org/1999/xhtml" xml:lang="en" lang="en">
 <head>
  <title>
</title>
<meta http-equiv="Content-Type" content="text/html;charset=utf-8" />
  <meta name='ocr-system' content='tesseract 3.04.00' />
  <meta name='ocr-capabilities' content='ocr_page ocr_carea ocr_par ocr_line ocrx_word'/>
</head>
<body>
  <div class='ocr_page' id='page_1' title='image "./deconventibusci00adolgoog_0009.png"; bbox 0 0 2984 4875; ppageno 0'>
   <div class='ocr_carea' id='block_1_1' title="bbox 221 582 2408 3994">
    <p class='ocr_par' dir='ltr' id='par_1_1' title="bbox 221 582 2406 1605">
     <span class='ocr_line' id='line_1_1' title="bbox 224 582 2405 653; baseline 0.001 -3"><span class='ocrx_word' id='word_1_1' title='bbox 224 583 421 650; x_wconf 86' lang='lat' dir='ltr'><strong>haud</strong></span> <span class='ocrx_word' id='word_1_2' title='bbox 477 586 608 650; x_wconf 91' lang='lat' dir='ltr'><strong>levi</strong></span> <span class='ocrx_word' id='word_1_3' title='bbox 666 584 889 650; x_wconf 87' lang='lat' dir='ltr'><strong>dolore</strong></span> <span class='ocrx_word' id='word_1_4' title='bbox 950 582 1227 651; x_wconf 88' lang='lat' dir='ltr'><strong>afflictus</strong></span> <span class='ocrx_word' id='word_1_5' title='bbox 1274 586 1399 650; x_wconf 90' lang='lat' dir='ltr'><strong>iam</strong></span> <span class='ocrx_word' id='word_1_6' title='bbox 1449 604 1659 651; x_wconf 91' lang='lat' dir='ltr'><strong>meum</strong></span> <span class='ocrx_word' id='word_1_7' title='bbox 1709 587 2233 651; x_wconf 87' lang='lat' dir='ltr'><strong>commentarium</strong></span> <span class='ocrx_word' id='word_1_8' title='bbox 2274 608 2405 653; x_wconf 90' lang='lat' dir='ltr'><strong>non</strong></span> 
     </span>
     <span class='ocr_line' id='line_1_2' title="bbox 221 668 2401 756; baseline 0.001 -21"><span class='ocrx_word' id='word_1_9' title='bbox 221 671 517 753; x_wconf 92' lang='lat' dir='ltr'><strong>primum</strong></span> <span class='ocrx_word' id='word_1_10' title='bbox 574 668 977 753; x_wconf 90' lang='lat' dir='ltr'><strong>proditurum</strong></span> <span class='ocrx_word' id='word_1_11' title='bbox 1033 689 1176 737; x_wconf 89' lang='lat' dir='ltr'><strong>esse</strong></span> <span class='ocrx_word' id='word_1_12' title='bbox 1221 669 1304 736; x_wconf 91' lang='lat' dir='ltr'><strong>de</strong></span> <span class='ocrx_word' id='word_1_13' title='bbox 1349 671 1768 736; x_wconf 89' lang='lat' dir='ltr'><strong>conventibus</strong></span> <span class='ocrx_word' id='word_1_14' title='bbox 1814 669 1884 735; x_wconf 88' lang='lat' dir='ltr'><strong>C.</strong></span> <span class='ocrx_word' id='word_1_15' title='bbox 1901 671 2009 753; x_wconf 90' lang='lat' dir='ltr'><strong>R.,</strong></span> <span class='ocrx_word' id='word_1_16' title='bbox 2062 692 2215 737; x_wconf 87' lang='lat' dir='ltr'><strong>mox</strong></span> <span class='ocrx_word' id='word_1_17' title='bbox 2260 692 2401 756; x_wconf 90' lang='lat' dir='ltr'><strong>per-</strong></span> 
     </span>
     <span class='ocr_line' id='line_1_3' title="bbox 225 755 2406 840; baseline 0.001 -19"><span class='ocrx_word' id='word_1_18' title='bbox 225 758 413 821; x_wconf 90' lang='lat' dir='ltr'><strong>lecto</strong></span> <span class='ocrx_word' id='word_1_19' title='bbox 445 756 882 820; x_wconf 85' lang='lat' dir='ltr'><strong>Kornemanni</strong></span> <span class='ocrx_word' id='word_1_20' title='bbox 928 774 1123 840; x_wconf 90' lang='lat' dir='ltr'><strong>opere</strong></span> <span class='ocrx_word' id='word_1_21' title='bbox 1165 756 1324 838; x_wconf 89' lang='lat' dir='ltr'><strong>vidi,</strong></span> <span class='ocrx_word' id='word_1_22' title='bbox 1369 775 1487 822; x_wconf 92' lang='lat' dir='ltr'><strong>nos</strong></span> <span class='ocrx_word' id='word_1_23' title='bbox 1531 755 1696 821; x_wconf 90' lang='lat' dir='ltr'><strong>adeo</strong></span> <span class='ocrx_word' id='word_1_24' title='bbox 1743 762 1806 820; x_wconf 92' lang='lat' dir='ltr'><strong>et</strong></span> <span class='ocrx_word' id='word_1_25' title='bbox 1849 756 1916 819; x_wconf 94' lang='lat' dir='ltr'><strong>in</strong></span> <span class='ocrx_word' id='word_1_26' title='bbox 1961 757 2275 822; x_wconf 90' lang='lat' dir='ltr'><strong>sententia</strong></span> <span class='ocrx_word' id='word_1_27' title='bbox 2320 757 2406 823; x_wconf 88' lang='lat' dir='ltr'><strong>de</strong></span> 
     </span>
     <span class='ocr_line' id='line_1_4' title="bbox 228 840 2404 923; baseline 0.001 -18"><span class='ocrx_word' id='word_1_28' title='bbox 228 842 382 906; x_wconf 90' lang='lat' dir='ltr'><strong>iure</strong></span> <span class='ocrx_word' id='word_1_29' title='bbox 442 847 503 906; x_wconf 92' lang='lat' dir='ltr'><strong>et</strong></span> <span class='ocrx_word' id='word_1_30' title='bbox 560 840 809 906; x_wconf 91' lang='lat' dir='ltr'><strong>ratione</strong></span> <span class='ocrx_word' id='word_1_31' title='bbox 868 848 1294 907; x_wconf 80' lang='lat' dir='ltr'><strong>conventuum</strong></span> <span class='ocrx_word' id='word_1_32' title='bbox 1362 850 1427 906; x_wconf 92' lang='lat' dir='ltr'><strong>et</strong></span> <span class='ocrx_word' id='word_1_33' title='bbox 1491 842 1558 906; x_wconf 92' lang='lat' dir='ltr'><strong>in</strong></span> <span class='ocrx_word' id='word_1_34' title='bbox 1615 841 1885 923; x_wconf 88' lang='lat' dir='ltr'><strong>singulis</strong></span> <span class='ocrx_word' id='word_1_35' title='bbox 1943 841 2280 908; x_wconf 81' lang='lat' dir='ltr'><strong>dissentire</strong></span> <span class='ocrx_word' id='word_1_36' title='bbox 2334 850 2404 908; x_wconf 90' lang='lat' dir='ltr'><strong>ut</strong></span> 
     </span>
     <span class='ocr_line' id='line_1_5' title="bbox 231 925 2406 1011; baseline 0.001 -21"><span class='ocrx_word' id='word_1_37' title='bbox 231 927 455 992; x_wconf 87' lang='lat' dir='ltr'><strong>laetus</strong></span> <span class='ocrx_word' id='word_1_38' title='bbox 486 925 920 1008; x_wconf 90' lang='lat' dir='ltr'><strong>comparanda</strong></span> <span class='ocrx_word' id='word_1_39' title='bbox 949 945 1096 991; x_wconf 91' lang='lat' dir='ltr'><strong>mea</strong></span> <span class='ocrx_word' id='word_1_40' title='bbox 1122 945 1571 1010; x_wconf 85' lang='lat' dir='ltr'><strong>proponerem,</strong></span> <span class='ocrx_word' id='word_1_41' title='bbox 1618 932 1846 1007; x_wconf 88' lang='lat' dir='ltr'><strong>certus,</strong></span> <span class='ocrx_word' id='word_1_42' title='bbox 1892 926 2157 991; x_wconf 92' lang='lat' dir='ltr'><strong>multum</strong></span> <span class='ocrx_word' id='word_1_43' title='bbox 2201 928 2406 1011; x_wconf 86' lang='lat' dir='ltr'><strong>frugis</strong></span> 
     </span>
     <span class='ocr_line' id='line_1_6' title="bbox 233 1011 2401 1078; baseline 0.001 -3"><span class='ocrx_word' id='word_1_44' title='bbox 233 1012 547 1077; x_wconf 91' lang='lat' dir='ltr'><strong>lectorem</strong></span> <span class='ocrx_word' id='word_1_45' title='bbox 610 1031 693 1076; x_wconf 86' lang='lat' dir='ltr'><strong>ex</strong></span> <span class='ocrx_word' id='word_1_46' title='bbox 750 1012 1348 1076; x_wconf 81' lang='lat' dir='ltr'><strong>commentariorum</strong></span> <span class='ocrx_word' id='word_1_47' title='bbox 1411 1012 1518 1076; x_wconf 89' lang='lat' dir='ltr'><strong>vel</strong></span> <span class='ocrx_word' id='word_1_48' title='bbox 1573 1011 1942 1076; x_wconf 83' lang='lat' dir='ltr'><strong>discrimine</strong></span> <span class='ocrx_word' id='word_1_49' title='bbox 1999 1013 2106 1077; x_wconf 91' lang='lat' dir='ltr'><strong>vel</strong></span> <span class='ocrx_word' id='word_1_50' title='bbox 2156 1014 2401 1078; x_wconf 90' lang='lat' dir='ltr'><strong>vicissi-</strong></span> 
     </span>
     <span class='ocr_line' id='line_1_7' title="bbox 234 1095 2401 1180; baseline 0.001 -19"><span class='ocrx_word' id='word_1_51' title='bbox 234 1096 468 1161; x_wconf 87' lang='lat' dir='ltr'><strong>tudine</strong></span> <span class='ocrx_word' id='word_1_52' title='bbox 524 1102 975 1180; x_wconf 88' lang='lat' dir='ltr'><strong>percepturum</strong></span> <span class='ocrx_word' id='word_1_53' title='bbox 1036 1116 1196 1162; x_wconf 88' lang='lat' dir='ltr'><strong>esse.</strong></span> <span class='ocrx_word' id='word_1_54' title='bbox 1288 1115 1371 1161; x_wconf 84' lang='lat' dir='ltr'><strong>ex</strong></span> <span class='ocrx_word' id='word_1_55' title='bbox 1416 1097 1613 1161; x_wconf 89' lang='lat' dir='ltr'><strong>Korn.</strong></span> <span class='ocrx_word' id='word_1_56' title='bbox 1659 1096 1861 1162; x_wconf 91' lang='lat' dir='ltr'><strong>titulis</strong></span> <span class='ocrx_word' id='word_1_57' title='bbox 1918 1095 2076 1175; x_wconf 85' lang='lat' dir='ltr'><strong>duc,</strong></span> <span class='ocrx_word' id='word_1_58' title='bbox 2136 1100 2247 1180; x_wconf 92' lang='lat' dir='ltr'><strong>qui</strong></span> <span class='ocrx_word' id='word_1_59' title='bbox 2297 1118 2401 1164; x_wconf 91' lang='lat' dir='ltr'><strong>me</strong></span> 
     </span>
     <span class='ocr_line' id='line_1_8' title="bbox 233 1179 2400 1266; baseline 0.002 -21"><span class='ocrx_word' id='word_1_60' title='bbox 233 1181 557 1264; x_wconf 83' lang='lat' dir='ltr'><strong>fugerant,</strong></span> <span class='ocrx_word' id='word_1_61' title='bbox 602 1182 922 1264; x_wconf 87' lang='lat' dir='ltr'><strong>supplevi,</strong></span> <span class='ocrx_word' id='word_1_62' title='bbox 968 1201 1420 1264; x_wconf 89' lang='lat' dir='ltr'><strong>nonnunquam</strong></span> <span class='ocrx_word' id='word_1_63' title='bbox 1465 1183 1521 1247; x_wconf 93' lang='lat' dir='ltr'><strong>si</strong></span> <span class='ocrx_word' id='word_1_64' title='bbox 1568 1179 1902 1247; x_wconf 89' lang='lat' dir='ltr'><strong>commode</strong></span> <span class='ocrx_word' id='word_1_65' title='bbox 1947 1182 2101 1247; x_wconf 93' lang='lat' dir='ltr'><strong>addi</strong></span> <span class='ocrx_word' id='word_1_66' title='bbox 2149 1189 2400 1266; x_wconf 86' lang='lat' dir='ltr'><strong>poterat</strong></span> 
     </span>
     <span class='ocr_line' id='line_1_9' title="bbox 238 1266 2403 1350; baseline 0.001 -20"><span class='ocrx_word' id='word_1_67' title='bbox 238 1272 560 1348; x_wconf 87' lang='lat' dir='ltr'><strong>quatenus</strong></span> <span class='ocrx_word' id='word_1_68' title='bbox 605 1267 689 1331; x_wconf 90' lang='lat' dir='ltr'><strong>ab</strong></span> <span class='ocrx_word' id='word_1_69' title='bbox 735 1286 812 1332; x_wconf 93' lang='lat' dir='ltr'><strong>eo</strong></span> <span class='ocrx_word' id='word_1_70' title='bbox 845 1266 1251 1332; x_wconf 86' lang='lat' dir='ltr'><strong>dissentirem</strong></span> <span class='ocrx_word' id='word_1_71' title='bbox 1293 1268 1596 1350; x_wconf 80' lang='lat' dir='ltr'><strong>exposui3</strong></span> <span class='ocrx_word' id='word_1_72' title='bbox 1644 1273 1941 1348; x_wconf 89' lang='lat' dir='ltr'><strong>ceterum,</strong></span> <span class='ocrx_word' id='word_1_73' title='bbox 1990 1267 2160 1349; x_wconf 86' lang='lat' dir='ltr'><strong>quod</strong></span> <span class='ocrx_word' id='word_1_74' title='bbox 2202 1275 2403 1333; x_wconf 92' lang='lat' dir='ltr'><strong>muta-</strong></span> 
     </span>
     <span class='ocr_line' id='line_1_10' title="bbox 233 1352 2403 1430; baseline 0.002 -15"><span class='ocrx_word' id='word_1_75' title='bbox 233 1372 379 1416; x_wconf 87' lang='lat' dir='ltr'><strong>rem</strong></span> <span class='ocrx_word' id='word_1_76' title='bbox 434 1371 556 1417; x_wconf 89' lang='lat' dir='ltr'><strong>nec</strong></span> <span class='ocrx_word' id='word_1_77' title='bbox 610 1352 828 1418; x_wconf 89' lang='lat' dir='ltr'><strong>inveni</strong></span> <span class='ocrx_word' id='word_1_78' title='bbox 887 1352 1034 1430; x_wconf 89' lang='lat' dir='ltr'><strong>(nisi</strong></span> <span class='ocrx_word' id='word_1_79' title='bbox 1092 1352 1362 1419; x_wconf 88' lang='lat' dir='ltr'><strong>fortasse</strong></span> <span class='ocrx_word' id='word_1_80' title='bbox 1422 1353 1689 1427; x_wconf 90' lang='lat' dir='ltr'><strong>minuta)</strong></span> <span class='ocrx_word' id='word_1_81' title='bbox 1750 1372 1870 1418; x_wconf 92' lang='lat' dir='ltr'><strong>nec</strong></span> <span class='ocrx_word' id='word_1_82' title='bbox 1913 1354 1967 1417; x_wconf 89' lang='lat' dir='ltr'><strong>si</strong></span> <span class='ocrx_word' id='word_1_83' title='bbox 2016 1354 2403 1419; x_wconf 87' lang='lat' dir='ltr'><strong>invenissem</strong></span> 
     </span>
     <span class='ocr_line' id='line_1_11' title="bbox 237 1435 2401 1521; baseline 0.003 -20"><span class='ocrx_word' id='word_1_84' title='bbox 237 1442 496 1520; x_wconf 90' lang='lat' dir='ltr'><strong>tempus</strong></span> <span class='ocrx_word' id='word_1_85' title='bbox 543 1442 608 1502; x_wconf 94' lang='lat' dir='ltr'><strong>et</strong></span> <span class='ocrx_word' id='word_1_86' title='bbox 651 1437 948 1503; x_wconf 89' lang='lat' dir='ltr'><strong>voluntas</strong></span> <span class='ocrx_word' id='word_1_87' title='bbox 994 1437 1282 1502; x_wconf 89' lang='lat' dir='ltr'><strong>mutandi</strong></span> <span class='ocrx_word' id='word_1_88' title='bbox 1325 1435 1463 1502; x_wconf 86' lang='lat' dir='ltr'><strong>fuit.</strong></span> <span class='ocrx_word' id='word_1_89' title='bbox 1556 1456 1706 1520; x_wconf 88' lang='lat' dir='ltr'><strong>ergo</strong></span> <span class='ocrx_word' id='word_1_90' title='bbox 1766 1438 2054 1521; x_wconf 85' lang='lat' dir='ltr'><strong>exceptis</strong></span> <span class='ocrx_word' id='word_1_91' title='bbox 2110 1438 2190 1504; x_wconf 92' lang='lat' dir='ltr'><strong>iis</strong></span> <span class='ocrx_word' id='word_1_92' title='bbox 2235 1458 2401 1520; x_wconf 82' lang='lat' dir='ltr'><strong>quae</strong></span> 
     </span>
     <span class='ocr_line' id='line_1_12' title="bbox 239 1521 2143 1605; baseline 0.001 -18"><span class='ocrx_word' id='word_1_93' title='bbox 239 1521 328 1587; x_wconf 88' lang='lat' dir='ltr'><strong>de</strong></span> <span class='ocrx_word' id='word_1_94' title='bbox 375 1521 754 1588; x_wconf 88' lang='lat' dir='ltr'><strong>differentiis</strong></span> <span class='ocrx_word' id='word_1_95' title='bbox 798 1521 1045 1605; x_wconf 88' lang='lat' dir='ltr'><strong>addidi,</strong></span> <span class='ocrx_word' id='word_1_96' title='bbox 1093 1522 1640 1588; x_wconf 89' lang='lat' dir='ltr'><strong>Kornemannium</strong></span> <span class='ocrx_word' id='word_1_97' title='bbox 1686 1542 1810 1587; x_wconf 93' lang='lat' dir='ltr'><strong>non</strong></span> <span class='ocrx_word' id='word_1_98' title='bbox 1855 1521 2143 1589; x_wconf 81' lang='lat' dir='ltr'><strong>adhibui.</strong></span> 
     </span>
    </p>

    <p class='ocr_par' dir='ltr' id='par_1_2' title="bbox 237 1607 2408 3994">
     <span class='ocr_line' id='line_1_13' title="bbox 412 1607 2405 1688; baseline 0.002 -17"><span class='ocrx_word' id='word_1_99' title='bbox 412 1607 550 1671; x_wconf 90' lang='lat' dir='ltr'><strong>Iam</strong></span> <span class='ocrx_word' id='word_1_100' title='bbox 597 1607 692 1672; x_wconf 92' lang='lat' dir='ltr'><strong>de</strong></span> <span class='ocrx_word' id='word_1_101' title='bbox 736 1608 1138 1673; x_wconf 91' lang='lat' dir='ltr'><strong>vocabulo</strong></span> <span class='ocrx_word' id='word_1_102' title='bbox 1199 1614 1649 1675; x_wconf 87' lang='lat' dir='ltr'><strong>conventus</strong></span> <span class='ocrx_word' id='word_1_103' title='bbox 1705 1607 1866 1673; x_wconf 89' lang='lat' dir='ltr'><strong>C.R.</strong></span> <span class='ocrx_word' id='word_1_104' title='bbox 1912 1607 2275 1688; x_wconf 85' lang='lat' dir='ltr'><strong>videamus:</strong></span> <span class='ocrx_word' id='word_1_105' title='bbox 2333 1616 2405 1675; x_wconf 91' lang='lat' dir='ltr'><strong>ut</strong></span> 
     </span>
     <span class='ocr_line' id='line_1_14' title="bbox 237 1692 2404 1778; baseline 0.001 -22"><span class='ocrx_word' id='word_1_106' title='bbox 237 1697 418 1758; x_wconf 89' lang='lat' dir='ltr'><strong>recte</strong></span> <span class='ocrx_word' id='word_1_107' title='bbox 473 1692 746 1757; x_wconf 89' lang='lat' dir='ltr'><strong>iudicari</strong></span> <span class='ocrx_word' id='word_1_108' title='bbox 800 1694 1033 1775; x_wconf 88' lang='lat' dir='ltr'><strong>possit,</strong></span> <span class='ocrx_word' id='word_1_109' title='bbox 1093 1712 1357 1759; x_wconf 89' lang='lat' dir='ltr'><strong>necesse</strong></span> <span class='ocrx_word' id='word_1_110' title='bbox 1419 1700 1516 1758; x_wconf 93' lang='lat' dir='ltr'><strong>est</strong></span> <span class='ocrx_word' id='word_1_111' title='bbox 1572 1693 1827 1775; x_wconf 89' lang='lat' dir='ltr'><strong>singula</strong></span> <span class='ocrx_word' id='word_1_112' title='bbox 1869 1701 2246 1775; x_wconf 90' lang='lat' dir='ltr'><strong>argumenta</strong></span> <span class='ocrx_word' id='word_1_113' title='bbox 2286 1714 2404 1778; x_wconf 92' lang='lat' dir='ltr'><strong>per</strong></span> 
     </span>
     <span class='ocr_line' id='line_1_15' title="bbox 239 1777 2405 1863; baseline 0.001 -22"><span class='ocrx_word' id='word_1_114' title='bbox 239 1784 537 1860; x_wconf 91' lang='lat' dir='ltr'><strong>tempora</strong></span> <span class='ocrx_word' id='word_1_115' title='bbox 592 1777 937 1863; x_wconf 89' lang='lat' dir='ltr'><strong>disponere</strong></span> <span class='ocrx_word' id='word_1_116' title='bbox 993 1779 1313 1861; x_wconf 89' lang='lat' dir='ltr'><strong>(quotiens</strong></span> <span class='ocrx_word' id='word_1_117' title='bbox 1370 1779 1540 1843; x_wconf 89' lang='lat' dir='ltr'><strong>enim</strong></span> <span class='ocrx_word' id='word_1_118' title='bbox 1594 1778 1945 1862; x_wconf 87' lang='lat' dir='ltr'><strong>disputatio</strong></span> <span class='ocrx_word' id='word_1_119' title='bbox 1990 1798 2185 1844; x_wconf 89' lang='lat' dir='ltr'><strong>causa</strong></span> <span class='ocrx_word' id='word_1_120' title='bbox 2230 1779 2405 1844; x_wconf 92' lang='lat' dir='ltr'><strong>cadit</strong></span> 
     </span>
     <span class='ocr_line' id='line_1_16' title="bbox 239 1863 2402 1947; baseline 0.001 -20"><span class='ocrx_word' id='word_1_121' title='bbox 239 1864 634 1945; x_wconf 82' lang='lat' dir='ltr'><strong>argumentis</strong></span> <span class='ocrx_word' id='word_1_122' title='bbox 660 1882 743 1928; x_wconf 86' lang='lat' dir='ltr'><strong>ex</strong></span> <span class='ocrx_word' id='word_1_123' title='bbox 765 1863 1131 1928; x_wconf 91' lang='lat' dir='ltr'><strong>auctoribus</strong></span> <span class='ocrx_word' id='word_1_124' title='bbox 1154 1865 1372 1947; x_wconf 90' lang='lat' dir='ltr'><strong>petitis</strong></span> <span class='ocrx_word' id='word_1_125' title='bbox 1394 1883 1522 1928; x_wconf 91' lang='lat' dir='ltr'><strong>non</strong></span> <span class='ocrx_word' id='word_1_126' title='bbox 1546 1883 1661 1946; x_wconf 90' lang='lat' dir='ltr'><strong>per</strong></span> <span class='ocrx_word' id='word_1_127' title='bbox 1683 1870 1974 1946; x_wconf 89' lang='lat' dir='ltr'><strong>tempora</strong></span> <span class='ocrx_word' id='word_1_128' title='bbox 1996 1863 2310 1930; x_wconf 91' lang='lat' dir='ltr'><strong>distinctis</strong></span> <span class='ocrx_word' id='word_1_129' title='bbox 2324 1864 2402 1943; x_wconf 62' lang='lat' dir='ltr'><strong>P).</strong></span> 
     </span>
     <span class='ocr_line' id='line_1_17' title="bbox 241 1947 2404 2032; baseline 0.002 -21"><span class='ocrx_word' id='word_1_130' title='bbox 241 1981 327 1992; x_wconf 90' lang='lat'>—</span> <span class='ocrx_word' id='word_1_131' title='bbox 372 1949 581 2030; x_wconf 92' lang='lat' dir='ltr'><strong>prima</strong></span> <span class='ocrx_word' id='word_1_132' title='bbox 625 1955 975 2015; x_wconf 88' lang='lat' dir='ltr'><strong>conventus</strong></span> <span class='ocrx_word' id='word_1_133' title='bbox 1008 1948 1077 2014; x_wconf 91' lang='lat' dir='ltr'><strong>C.</strong></span> <span class='ocrx_word' id='word_1_134' title='bbox 1095 1950 1169 2014; x_wconf 89' lang='lat' dir='ltr'><strong>R.</strong></span> <span class='ocrx_word' id='word_1_135' title='bbox 1211 1950 1522 2014; x_wconf 91' lang='lat' dir='ltr'><strong>memoria</strong></span> <span class='ocrx_word' id='word_1_136' title='bbox 1565 1948 1737 2032; x_wconf 87' lang='lat' dir='ltr'><strong>apud</strong></span> <span class='ocrx_word' id='word_1_137' title='bbox 1771 1947 2143 2014; x_wconf 83' lang='lat' dir='ltr'><strong>Ciceronem</strong></span> <span class='ocrx_word' id='word_1_138' title='bbox 2190 1956 2404 2015; x_wconf 86' lang='lat' dir='ltr'><strong>exstat</strong></span> 
     </span>
     <span class='ocr_line' id='line_1_18' title="bbox 242 2032 2405 2116; baseline 0.001 -19"><span class='ocrx_word' id='word_1_139' title='bbox 242 2034 560 2116; x_wconf 90' lang='lat' dir='ltr'><strong>imprimis</strong></span> <span class='ocrx_word' id='word_1_140' title='bbox 603 2034 670 2097; x_wconf 93' lang='lat' dir='ltr'><strong>in</strong></span> <span class='ocrx_word' id='word_1_141' title='bbox 714 2033 1018 2100; x_wconf 88' lang='lat' dir='ltr'><strong>Verrinis.</strong></span> <span class='ocrx_word' id='word_1_142' title='bbox 1074 2069 1155 2079; x_wconf 92' lang='lat'>—</span> <span class='ocrx_word' id='word_1_143' title='bbox 1220 2038 1271 2097; x_wconf 88' lang='lat'><strong>1.</strong></span> <span class='ocrx_word' id='word_1_144' title='bbox 1319 2041 1670 2100; x_wconf 89' lang='lat' dir='ltr'><strong>conventus</strong></span> <span class='ocrx_word' id='word_1_145' title='bbox 1713 2034 2029 2099; x_wconf 88' lang='lat' dir='ltr'><strong>vocabulo</strong></span> <span class='ocrx_word' id='word_1_146' title='bbox 2085 2032 2405 2116; x_wconf 91' lang='lat' dir='ltr'><strong>significat</strong></span> 
     </span>
     <span class='ocr_line' id='line_1_19' title="bbox 243 2117 2399 2185; baseline 0 -1"><span class='ocrx_word' id='word_1_147' title='bbox 243 2124 559 2184; x_wconf 90' lang='lat' dir='ltr'><strong>coetum</strong></span> <span class='ocrx_word' id='word_1_148' title='bbox 603 2120 904 2184; x_wconf 88' lang='lat' dir='ltr'><strong>civium</strong></span> <span class='ocrx_word' id='word_1_149' title='bbox 947 2120 1021 2184; x_wconf 89' lang='lat' dir='ltr'><strong>R.</strong></span> <span class='ocrx_word' id='word_1_150' title='bbox 1066 2120 1306 2185; x_wconf 92' lang='lat' dir='ltr'><strong>alicubi</strong></span> <span class='ocrx_word' id='word_1_151' title='bbox 1342 2120 1821 2185; x_wconf 86' lang='lat' dir='ltr'><strong>consistentium</strong></span> <span class='ocrx_word' id='word_1_152' title='bbox 1854 2117 1954 2183; x_wconf 89' lang='lat' dir='ltr'><strong>his</strong></span> <span class='ocrx_word' id='word_1_153' title='bbox 1985 2119 2174 2184; x_wconf 86' lang='lat' dir='ltr'><strong>locis:</strong></span> <span class='ocrx_word' id='word_1_154' title='bbox 2222 2120 2399 2184; x_wconf 92' lang='lat' dir='ltr'><strong>Verr.</strong></span> 
     </span>
     <span class='ocr_line' id='line_1_20' title="bbox 240 2201 2404 2287; baseline -0.001 -20"><span class='ocrx_word' id='word_1_155' title='bbox 240 2210 366 2269; x_wconf 83' lang='lat' dir='ltr'><strong>act.</strong></span> <span class='ocrx_word' id='word_1_156' title='bbox 397 2202 539 2285; x_wconf 89' lang='lat'><strong>11¹),</strong></span> <span class='ocrx_word' id='word_1_157' title='bbox 598 2203 675 2287; x_wconf 91' lang='lat' dir='ltr'><strong>V,</strong></span> <span class='ocrx_word' id='word_1_158' title='bbox 730 2207 881 2268; x_wconf 88' lang='lat'>140:</span> <span class='ocrx_word' id='word_1_159' title='bbox 945 2201 1009 2269; x_wconf 88' lang='lat' dir='ltr'><strong>C.</strong></span> <span class='ocrx_word' id='word_1_160' title='bbox 1054 2202 1364 2266; x_wconf 82' lang='lat' dir='ltr'><strong>Servilius</strong></span> <span class='ocrx_word' id='word_1_161' title='bbox 1420 2205 1573 2264; x_wconf 82' lang='lat' dir='ltr'><strong>civis</strong></span> <span class='ocrx_word' id='word_1_162' title='bbox 1615 2203 1698 2269; x_wconf 67' lang='lat' dir='ltr'><strong>tc.</strong></span> <span class='ocrx_word' id='word_1_163' title='bbox 1745 2223 1833 2264; x_wconf 68' lang='lat' dir='ltr'><strong>ex·</strong></span> <span class='ocrx_word' id='word_1_164' title='bbox 1888 2213 2186 2264; x_wconf 83' lang='lat' dir='ltr'><strong>conventu</strong></span> <span class='ocrx_word' id='word_1_165' title='bbox 2235 2203 2404 2266; x_wconf 84' lang='lat' dir='ltr'><strong>Pan-</strong></span> 
     </span>
     <span class='ocr_line' id='line_1_21' title="bbox 245 2287 2400 2370; baseline 0.001 -22"><span class='ocrx_word' id='word_1_166' title='bbox 245 2287 639 2361; x_wconf 78' lang='lat' dir='ltr'><strong>lzormitan03</strong></span> <span class='ocrx_word' id='word_1_167' title='bbox 684 2289 766 2370; x_wconf 87' lang='grc' dir='ltr'><strong>Π,</strong></span> <span class='ocrx_word' id='word_1_168' title='bbox 800 2291 914 2353; x_wconf 88' lang='lat'><strong>32:</strong></span> <span class='ocrx_word' id='word_1_169' title='bbox 961 2298 1313 2350; x_wconf 83' lang='lat' dir='ltr'><strong>ceterarum</strong></span> <span class='ocrx_word' id='word_1_170' title='bbox 1343 2308 1560 2351; x_wconf 87' lang='lat' dir='ltr'><strong>rerum</strong></span> <span class='ocrx_word' id='word_1_171' title='bbox 1601 2288 1821 2350; x_wconf 83' lang='lat' dir='ltr'><strong>selecti</strong></span> <span class='ocrx_word' id='word_1_172' title='bbox 1860 2287 2096 2349; x_wconf 81' lang='lat' dir='ltr'><strong>iudices</strong></span> <span class='ocrx_word' id='word_1_173' title='bbox 2140 2308 2228 2349; x_wconf 73' lang='lat' dir='ltr'><strong>ea:</strong></span> <span class='ocrx_word' id='word_1_174' title='bbox 2257 2310 2400 2351; x_wconf 84' lang='lat' dir='ltr'><strong>con-</strong></span> 
     </span>
     <span class='ocr_line' id='line_1_22' title="bbox 245 2370 2400 2458; baseline 0.003 -25"><span class='ocrx_word' id='word_1_175' title='bbox 245 2381 430 2434; x_wconf 82' lang='lat' dir='ltr'><strong>ventu</strong></span> <span class='ocrx_word' id='word_1_176' title='bbox 480 2370 639 2439; x_wconf 67' lang='lat' dir='ltr'><strong>GR.</strong></span> <span class='ocrx_word' id='word_1_177' title='bbox 679 2377 959 2458; x_wconf 76' lang='lat' dir='ltr'><strong>proponi</strong></span> <span class='ocrx_word' id='word_1_178' title='bbox 982 2374 1202 2451; x_wconf 77' lang='lat' dir='ltr'><strong>solent,</strong></span> <span class='ocrx_word' id='word_1_179' title='bbox 1248 2374 1475 2442; x_wconf 87' lang='lat' dir='ltr'><strong>eadem</strong></span> <span class='ocrx_word' id='word_1_180' title='bbox 1507 2374 1781 2440; x_wconf 88' lang='lat' dir='ltr'><strong>formula</strong></span> <span class='ocrx_word' id='word_1_181' title='bbox 1824 2394 1950 2458; x_wconf 87' lang='lat' dir='ltr'><strong>„ex</strong></span> <span class='ocrx_word' id='word_1_182' title='bbox 1980 2393 2161 2440; x_wconf 91' lang='lat' dir='ltr'><strong>conv.</strong></span> <span class='ocrx_word' id='word_1_183' title='bbox 2197 2373 2265 2441; x_wconf 92' lang='lat' dir='ltr'><strong>C.</strong></span> <span class='ocrx_word' id='word_1_184' title='bbox 2282 2372 2400 2440; x_wconf 90' lang='lat' dir='ltr'><strong>R.“</strong></span> 
     </span>
     <span class='ocr_line' id='line_1_23' title="bbox 243 2459 2399 2545; baseline 0 -21"><span class='ocrx_word' id='word_1_185' title='bbox 243 2460 568 2526; x_wconf 87' lang='lat' dir='ltr'><strong>invenitur</strong></span> <span class='ocrx_word' id='word_1_186' title='bbox 595 2459 679 2541; x_wconf 91' lang='grc' dir='ltr'><strong>Π,</strong></span> <span class='ocrx_word' id='word_1_187' title='bbox 713 2463 827 2545; x_wconf 82' lang='grc'><strong>22;</strong></span> <span class='ocrx_word' id='word_1_188' title='bbox 873 2460 980 2543; x_wconf 90' lang='lat' dir='ltr'><strong>IV,</strong></span> <span class='ocrx_word' id='word_1_189' title='bbox 1016 2464 1128 2543; x_wconf 75' lang='lat'><strong>703</strong></span> <span class='ocrx_word' id='word_1_190' title='bbox 1175 2461 1252 2543; x_wconf 92' lang='lat' dir='ltr'><strong>V,</strong></span> <span class='ocrx_word' id='word_1_191' title='bbox 1291 2465 1443 2540; x_wconf 80' lang='lat'>1553</span> <span class='ocrx_word' id='word_1_192' title='bbox 1484 2460 1594 2543; x_wconf 91' lang='lat' dir='ltr'><strong>IV,</strong></span> <span class='ocrx_word' id='word_1_193' title='bbox 1632 2463 1786 2539; x_wconf 78' lang='lat'><strong>1373</strong></span> <span class='ocrx_word' id='word_1_194' title='bbox 1832 2461 1908 2541; x_wconf 92' lang='lat' dir='ltr'><strong>V,</strong></span> <span class='ocrx_word' id='word_1_195' title='bbox 1938 2461 2036 2523; x_wconf 82' lang='lat'><strong>86.</strong></span> <span class='ocrx_word' id='word_1_196' title='bbox 2070 2495 2151 2504; x_wconf 88' lang='lat'><strong>—-</strong></span> <span class='ocrx_word' id='word_1_197' title='bbox 2188 2461 2263 2543; x_wconf 92' lang='lat' dir='ltr'><strong>V,</strong></span> <span class='ocrx_word' id='word_1_198' title='bbox 2285 2463 2399 2525; x_wconf 84' lang='lat'><strong>94:</strong></span> 
     </span>
     <span class='ocr_line' id='line_1_24' title="bbox 246 2542 2403 2629; baseline 0.001 -23"><span class='ocrx_word' id='word_1_199' title='bbox 246 2544 416 2628; x_wconf 83' lang='lat' dir='ltr'><strong>quod</strong></span> <span class='ocrx_word' id='word_1_200' title='bbox 441 2545 498 2606; x_wconf 80' lang='lat' dir='ltr'><strong>is</strong></span> <span class='ocrx_word' id='word_1_201' title='bbox 529 2553 625 2606; x_wconf 83' lang='lat' dir='ltr'><strong>est</strong></span> <span class='ocrx_word' id='word_1_202' title='bbox 653 2543 990 2629; x_wconf 75' lang='lat' dir='ltr'><strong>Syracusis</strong></span> <span class='ocrx_word' id='word_1_203' title='bbox 1019 2556 1353 2607; x_wconf 83' lang='lat' dir='ltr'><strong>conventus</strong></span> <span class='ocrx_word' id='word_1_204' title='bbox 1386 2542 1547 2610; x_wconf 69' lang='lat' dir='ltr'><strong>(LE.</strong></span> <span class='ocrx_word' id='word_1_205' title='bbox 1616 2546 1693 2627; x_wconf 91' lang='lat' dir='ltr'><strong>V,</strong></span> <span class='ocrx_word' id='word_1_206' title='bbox 1722 2548 1822 2609; x_wconf 86' lang='lat'><strong>16:</strong></span> <span class='ocrx_word' id='word_1_207' title='bbox 1852 2565 2149 2607; x_wconf 86' lang='lat' dir='ltr'><strong>consensu</strong></span> <span class='ocrx_word' id='word_1_208' title='bbox 2178 2565 2403 2627; x_wconf 74' lang='lat' dir='ltr'><strong>maqno</strong></span> 
     </span>
     <span class='ocr_line' id='line_1_25' title="bbox 240 2628 2399 2714; baseline 0.002 -23"><span class='ocrx_word' id='word_1_209' title='bbox 240 2628 728 2714; x_wconf 79' lang='lat' dir='ltr'><strong>frequentiaque</strong></span> <span class='ocrx_word' id='word_1_210' title='bbox 785 2641 1135 2696; x_wconf 83' lang='lat' dir='ltr'><strong>conventus.</strong></span> <span class='ocrx_word' id='word_1_211' title='bbox 1225 2631 1302 2713; x_wconf 92' lang='lat' dir='ltr'><strong>V,</strong></span> <span class='ocrx_word' id='word_1_212' title='bbox 1353 2633 1503 2695; x_wconf 88' lang='lat'>113:</span> <span class='ocrx_word' id='word_1_213' title='bbox 1561 2632 1624 2692; x_wconf 86' lang='lat' dir='ltr'><strong>in</strong></span> <span class='ocrx_word' id='word_1_214' title='bbox 1683 2640 1983 2692; x_wconf 81' lang='lat' dir='ltr'><strong>conventu</strong></span> <span class='ocrx_word' id='word_1_215' title='bbox 2039 2631 2265 2692; x_wconf 77' lang='lat' dir='ltr'><strong>civium</strong></span> <span class='ocrx_word' id='word_1_216' title='bbox 2319 2630 2399 2696; x_wconf 82' lang='lat' dir='ltr'><strong>R.</strong></span> 
     </span>
     <span class='ocr_line' id='line_1_26' title="bbox 241 2713 2403 2799; baseline 0 -19"><span class='ocrx_word' id='word_1_217' title='bbox 241 2715 326 2797; x_wconf 90' lang='lat'><strong>11,</strong></span> <span class='ocrx_word' id='word_1_218' title='bbox 360 2718 515 2780; x_wconf 86' lang='lat'>116:</span> <span class='ocrx_word' id='word_1_219' title='bbox 560 2715 924 2799; x_wconf 84' lang='lat' dir='ltr'><strong>(Syracusis</strong></span> <span class='ocrx_word' id='word_1_220' title='bbox 956 2716 1172 2782; x_wconf 91' lang='lat' dir='ltr'><strong>Verris</strong></span> <span class='ocrx_word' id='word_1_221' title='bbox 1204 2723 1416 2783; x_wconf 90' lang='lat' dir='ltr'><strong>statua</strong></span> <span class='ocrx_word' id='word_1_222' title='bbox 1457 2716 1796 2792; x_wconf 91' lang='lat' dir='ltr'><strong>deiectast)</strong></span> <span class='ocrx_word' id='word_1_223' title='bbox 1851 2713 2020 2799; x_wconf 87' lang='lat' dir='ltr'><strong>quod</strong></span> <span class='ocrx_word' id='word_1_224' title='bbox 2061 2717 2403 2793; x_wconf 89' lang='lat' dir='ltr'><strong>(meritum)</strong></span> 
     </span>
     <span class='ocr_line' id='line_1_27' title="bbox 242 2799 2401 2883; baseline 0.001 -22"><span class='ocrx_word' id='word_1_225' title='bbox 242 2819 365 2861; x_wconf 86' lang='lat' dir='ltr'><strong>non</strong></span> <span class='ocrx_word' id='word_1_226' title='bbox 410 2809 504 2862; x_wconf 87' lang='lat' dir='ltr'><strong>est</strong></span> <span class='ocrx_word' id='word_1_227' title='bbox 540 2803 875 2883; x_wconf 82' lang='lat' dir='ltr'><strong>proprium</strong></span> <span class='ocrx_word' id='word_1_228' title='bbox 924 2799 1471 2882; x_wconf 74' lang='lat' dir='ltr'><strong>Syracusanorum</strong></span> <span class='ocrx_word' id='word_1_229' title='bbox 1527 2802 1643 2863; x_wconf 84' lang='lat' dir='ltr'><strong>sed</strong></span> <span class='ocrx_word' id='word_1_230' title='bbox 1695 2811 1755 2863; x_wconf 77' lang='lat' dir='ltr'><strong>et</strong></span> <span class='ocrx_word' id='word_1_231' title='bbox 1812 2801 2066 2861; x_wconf 80' lang='lat' dir='ltr'><strong>illorum</strong></span> <span class='ocrx_word' id='word_1_232' title='bbox 2122 2810 2184 2862; x_wconf 85' lang='lat' dir='ltr'><strong>et</strong></span> <span class='ocrx_word' id='word_1_233' title='bbox 2240 2821 2401 2863; x_wconf 88' lang='lat' dir='ltr'><strong>com·</strong></span> 
     </span>
     <span class='ocr_line' id='line_1_28' title="bbox 245 2885 2408 2970; baseline 0.001 -24"><span class='ocrx_word' id='word_1_234' title='bbox 245 2904 422 2946; x_wconf 85' lang='lat' dir='ltr'><strong>mune</strong></span> <span class='ocrx_word' id='word_1_235' title='bbox 453 2897 787 2949; x_wconf 85' lang='lat' dir='ltr'><strong>conventus</strong></span> <span class='ocrx_word' id='word_1_236' title='bbox 815 2885 982 2948; x_wconf 81' lang='lat' dir='ltr'><strong>illius</strong></span> <span class='ocrx_word' id='word_1_237' title='bbox 1013 2896 1076 2948; x_wconf 82' lang='lat' dir='ltr'><strong>ec</strong></span> <span class='ocrx_word' id='word_1_238' title='bbox 1104 2888 1296 2948; x_wconf 81' lang='lat' dir='ltr'><strong>totius</strong></span> <span class='ocrx_word' id='word_1_239' title='bbox 1315 2887 1702 2970; x_wconf 80' lang='lat' dir='ltr'><strong>provinciae.</strong></span> <span class='ocrx_word' id='word_1_240' title='bbox 1768 2885 1884 2968; x_wconf 93' lang='lat' dir='ltr'><strong>III,</strong></span> <span class='ocrx_word' id='word_1_241' title='bbox 1918 2889 2072 2950; x_wconf 80' lang='lat'>321:</span> <span class='ocrx_word' id='word_1_242' title='bbox 2120 2906 2208 2946; x_wconf 73' lang='lat' dir='ltr'><strong>ea:</strong></span> <span class='ocrx_word' id='word_1_243' title='bbox 2237 2887 2408 2948; x_wconf 84' lang='lat' dir='ltr'><strong>omni</strong></span> 
     </span>
     <span class='ocr_line' id='line_1_29' title="bbox 246 2969 2403 3054; baseline 0.001 -22"><span class='ocrx_word' id='word_1_244' title='bbox 246 2971 428 3053; x_wconf 81' lang='lat' dir='ltr'><strong>copia</strong></span> <span class='ocrx_word' id='word_1_245' title='bbox 471 2981 805 3034; x_wconf 83' lang='lat' dir='ltr'><strong>conventus</strong></span> <span class='ocrx_word' id='word_1_246' title='bbox 837 2969 1241 3053; x_wconf 76' lang='lat' dir='ltr'><strong>Syracusani,</strong></span> <span class='ocrx_word' id='word_1_247' title='bbox 1287 2971 1926 3054; x_wconf 79' lang='lat' dir='ltr'><strong>splendidissimorum</strong></span> <span class='ocrx_word' id='word_1_248' title='bbox 1955 2970 2287 3036; x_wconf 79' lang='lat' dir='ltr'><strong>hominum.</strong></span> <span class='ocrx_word' id='word_1_249' title='bbox 2319 3008 2403 3018; x_wconf 93' lang='lat'><strong>--</strong></span> 
     </span>
     <span class='ocr_line' id='line_1_30' title="bbox 245 3054 2401 3141; baseline 0 -19"><span class='ocrx_word' id='word_1_250' title='bbox 245 3055 471 3122; x_wconf 91' lang='lat' dir='ltr'><strong>Cicero</strong></span> <span class='ocrx_word' id='word_1_251' title='bbox 516 3058 713 3122; x_wconf 85' lang='lat' dir='ltr'><strong>utitur</strong></span> <span class='ocrx_word' id='word_1_252' title='bbox 755 3058 1058 3122; x_wconf 88' lang='lat' dir='ltr'><strong>formula:</strong></span> <span class='ocrx_word' id='word_1_253' title='bbox 1121 3064 1515 3141; x_wconf 89' lang='lat' dir='ltr'><strong>„conventus</strong></span> <span class='ocrx_word' id='word_1_254' title='bbox 1556 3054 2110 3140; x_wconf 83' lang='lat' dir='ltr'><strong>Syracusanus“.</strong></span> <span class='ocrx_word' id='word_1_255' title='bbox 2156 3093 2240 3103; x_wconf 90' lang='lat'><strong>-—-</strong></span> <span class='ocrx_word' id='word_1_256' title='bbox 2284 3078 2401 3140; x_wconf 92' lang='lat' dir='ltr'><strong>pro</strong></span> 
     </span>
     <span class='ocr_line' id='line_1_31' title="bbox 246 3139 2400 3226; baseline -0.001 -19"><span class='ocrx_word' id='word_1_257' title='bbox 246 3148 605 3224; x_wconf 88' lang='lat' dir='ltr'><strong>„conventu</strong></span> <span class='ocrx_word' id='word_1_258' title='bbox 647 3140 1095 3226; x_wconf 85' lang='lat' dir='ltr'><strong>Syracusano“</strong></span> <span class='ocrx_word' id='word_1_259' title='bbox 1141 3145 1504 3226; x_wconf 89' lang='lat' dir='ltr'><strong>promiscue</strong></span> <span class='ocrx_word' id='word_1_260' title='bbox 1547 3142 1708 3207; x_wconf 90' lang='lat' dir='ltr'><strong>dicit</strong></span> <span class='ocrx_word' id='word_1_261' title='bbox 1750 3141 1953 3217; x_wconf 67' lang='lat' dir='ltr'><strong>„cives</strong></span> <span class='ocrx_word' id='word_1_262' title='bbox 1996 3140 2079 3204; x_wconf 81' lang='lat' dir='ltr'><strong>R.</strong></span> <span class='ocrx_word' id='word_1_263' title='bbox 2114 3145 2226 3225; x_wconf 74' lang='lat' dir='ltr'><strong>qui</strong></span> <span class='ocrx_word' id='word_1_264' title='bbox 2252 3139 2400 3223; x_wconf 66' lang='lat' dir='ltr'><strong>Syr.</strong></span> 
     </span>
     <span class='ocr_line' id='line_1_32' title="bbox 248 3226 2404 3311; baseline 0.003 -24"><span class='ocrx_word' id='word_1_265' title='bbox 248 3228 706 3307; x_wconf 72' lang='lat' dir='ltr'><strong>neqotz&#39;antur“.</strong></span> <span class='ocrx_word' id='word_1_266' title='bbox 796 3229 915 3293; x_wconf 91' lang='lat' dir='ltr'><strong>etsi</strong></span> <span class='ocrx_word' id='word_1_267' title='bbox 962 3230 1156 3311; x_wconf 89' lang='lat' dir='ltr'><strong>igitur</strong></span> <span class='ocrx_word' id='word_1_268' title='bbox 1198 3230 1443 3294; x_wconf 91' lang='lat' dir='ltr'><strong>nullum</strong></span> <span class='ocrx_word' id='word_1_269' title='bbox 1484 3228 1829 3292; x_wconf 88' lang='lat' dir='ltr'><strong>discrimen</strong></span> <span class='ocrx_word' id='word_1_270' title='bbox 1862 3233 1976 3308; x_wconf 90' lang='lat' dir='ltr'><strong>est,</strong></span> <span class='ocrx_word' id='word_1_271' title='bbox 2021 3233 2235 3292; x_wconf 90' lang='lat' dir='ltr'><strong>tamen</strong></span> <span class='ocrx_word' id='word_1_272' title='bbox 2280 3226 2404 3294; x_wconf 92' lang='lat' dir='ltr'><strong>hoc</strong></span> 
     </span>
     <span class='ocr_line' id='line_1_33' title="bbox 248 3311 2400 3395; baseline 0 -19"><span class='ocrx_word' id='word_1_273' title='bbox 248 3313 455 3395; x_wconf 90' lang='lat' dir='ltr'><strong>ipsum</strong></span> <span class='ocrx_word' id='word_1_274' title='bbox 499 3314 885 3378; x_wconf 90' lang='lat' dir='ltr'><strong>vocabulum</strong></span> <span class='ocrx_word' id='word_1_275' title='bbox 929 3315 1013 3378; x_wconf 91' lang='lat' dir='ltr'><strong>ad</strong></span> <span class='ocrx_word' id='word_1_276' title='bbox 1060 3333 1217 3395; x_wconf 87' lang='lat' dir='ltr'><strong>quas</strong></span> <span class='ocrx_word' id='word_1_277' title='bbox 1263 3314 1456 3378; x_wconf 89' lang='lat' dir='ltr'><strong>urbes</strong></span> <span class='ocrx_word' id='word_1_278' title='bbox 1519 3319 1690 3378; x_wconf 90' lang='lat' dir='ltr'><strong>certo</strong></span> <span class='ocrx_word' id='word_1_279' title='bbox 1749 3313 2102 3395; x_wconf 81' lang='lat' dir='ltr'><strong>pertineat,</strong></span> <span class='ocrx_word' id='word_1_280' title='bbox 2159 3311 2400 3378; x_wconf 87' lang='lat' dir='ltr'><strong>dicam:</strong></span> 
     </span>
     <span class='ocr_line' id='line_1_34' title="bbox 249 3396 2400 3481; baseline 0 -19"><span class='ocrx_word' id='word_1_281' title='bbox 249 3417 383 3462; x_wconf 93' lang='lat' dir='ltr'><strong>con.</strong></span> <span class='ocrx_word' id='word_1_282' title='bbox 416 3397 486 3463; x_wconf 95' lang='lat' dir='ltr'><strong>C.</strong></span> <span class='ocrx_word' id='word_1_283' title='bbox 509 3398 582 3461; x_wconf 90' lang='lat' dir='ltr'><strong>R.</strong></span> <span class='ocrx_word' id='word_1_284' title='bbox 630 3399 950 3464; x_wconf 91' lang='lat' dir='ltr'><strong>invenitur</strong></span> <span class='ocrx_word' id='word_1_285' title='bbox 981 3399 1155 3481; x_wconf 91' lang='lat' dir='ltr'><strong>apud</strong></span> <span class='ocrx_word' id='word_1_286' title='bbox 1187 3398 1593 3464; x_wconf 83' lang='lat' dir='ltr'><strong>Ciceronem:</strong></span> <span class='ocrx_word' id='word_1_287' title='bbox 1627 3396 1985 3480; x_wconf 85' lang='lat' dir='ltr'><strong>Syracusis,</strong></span> <span class='ocrx_word' id='word_1_288' title='bbox 2034 3396 2400 3479; x_wconf 88' lang='lat' dir='ltr'><strong>Panhormi,</strong></span> 
     </span>
     <span class='ocr_line' id='line_1_35' title="bbox 248 3479 2404 3566; baseline 0 -19"><span class='ocrx_word' id='word_1_289' title='bbox 248 3482 562 3565; x_wconf 84' lang='lat' dir='ltr'><strong>Lilybaei,</strong></span> <span class='ocrx_word' id='word_1_290' title='bbox 611 3484 830 3566; x_wconf 91' lang='lat' dir='ltr'><strong>„cives</strong></span> <span class='ocrx_word' id='word_1_291' title='bbox 880 3485 950 3547; x_wconf 89' lang='lat' dir='ltr'><strong>R.</strong></span> <span class='ocrx_word' id='word_1_292' title='bbox 998 3485 1107 3566; x_wconf 92' lang='lat' dir='ltr'><strong>qui</strong></span> <span class='ocrx_word' id='word_1_293' title='bbox 1151 3479 1632 3566; x_wconf 87' lang='lat' dir='ltr'><strong>negotiantur“:</strong></span> <span class='ocrx_word' id='word_1_294' title='bbox 1694 3490 1756 3547; x_wconf 93' lang='lat' dir='ltr'><strong>et</strong></span> <span class='ocrx_word' id='word_1_295' title='bbox 1813 3483 1879 3546; x_wconf 93' lang='lat' dir='ltr'><strong>in</strong></span> <span class='ocrx_word' id='word_1_296' title='bbox 1937 3482 2064 3546; x_wconf 90' lang='lat' dir='ltr'><strong>illis</strong></span> <span class='ocrx_word' id='word_1_297' title='bbox 2122 3482 2281 3548; x_wconf 91' lang='lat' dir='ltr'><strong>locis</strong></span> <span class='ocrx_word' id='word_1_298' title='bbox 2340 3490 2404 3548; x_wconf 91' lang='lat' dir='ltr'><strong>et</strong></span> 
     </span>
     <span class='ocr_line' id='line_1_36' title="bbox 247 3565 2403 3651; baseline 0 -20"><span class='ocrx_word' id='word_1_299' title='bbox 247 3568 599 3650; x_wconf 83' lang='lat' dir='ltr'><strong>Agrigenti,</strong></span> <span class='ocrx_word' id='word_1_300' title='bbox 646 3569 1010 3651; x_wconf 81' lang='lat' dir='ltr'><strong>Messanae3</strong></span> <span class='ocrx_word' id='word_1_301' title='bbox 1061 3574 1408 3635; x_wconf 89' lang='lat' dir='ltr'><strong>conventus</strong></span> <span class='ocrx_word' id='word_1_302' title='bbox 1454 3577 1707 3651; x_wconf 87' lang='lat' dir='ltr'><strong>praeter</strong></span> <span class='ocrx_word' id='word_1_303' title='bbox 1746 3567 1864 3631; x_wconf 90' lang='lat' dir='ltr'><strong>hos</strong></span> <span class='ocrx_word' id='word_1_304' title='bbox 1903 3565 2155 3633; x_wconf 89' lang='lat' dir='ltr'><strong>Siculos</strong></span> <span class='ocrx_word' id='word_1_305' title='bbox 2209 3570 2403 3634; x_wconf 89' lang='lat' dir='ltr'><strong>etiam</strong></span> 
     </span>
     <span class='ocr_line' id='line_1_37' title="bbox 251 3651 2403 3737; baseline 0.001 -21"><span class='ocrx_word' id='word_1_306' title='bbox 251 3652 541 3735; x_wconf 85' lang='lat' dir='ltr'><strong>Capuae,</strong></span> <span class='ocrx_word' id='word_1_307' title='bbox 599 3655 819 3735; x_wconf 90' lang='lat' dir='ltr'><strong>„cives</strong></span> <span class='ocrx_word' id='word_1_308' title='bbox 880 3655 951 3719; x_wconf 87' lang='lat' dir='ltr'><strong>R.</strong></span> <span class='ocrx_word' id='word_1_309' title='bbox 1013 3655 1123 3736; x_wconf 89' lang='lat' dir='ltr'><strong>qui</strong></span> <span class='ocrx_word' id='word_1_310' title='bbox 1179 3651 1626 3737; x_wconf 88' lang='lat' dir='ltr'><strong>negotiantur“</strong></span> <span class='ocrx_word' id='word_1_311' title='bbox 1684 3653 1925 3735; x_wconf 89' lang='lat' dir='ltr'><strong>passim</strong></span> <span class='ocrx_word' id='word_1_312' title='bbox 1983 3653 2049 3716; x_wconf 93' lang='lat' dir='ltr'><strong>in</strong></span> <span class='ocrx_word' id='word_1_313' title='bbox 2101 3654 2403 3720; x_wconf 87' lang='lat' dir='ltr'><strong>Asiaticis</strong></span> 
     </span>
     <span class='ocr_line' id='line_1_38' title="bbox 247 3735 2403 3822; baseline 0 -20"><span class='ocrx_word' id='word_1_314' title='bbox 247 3738 526 3804; x_wconf 89' lang='lat' dir='ltr'><strong>urbibus.</strong></span> <span class='ocrx_word' id='word_1_315' title='bbox 570 3771 654 3781; x_wconf 91' lang='lat'><em>-</em></span> <span class='ocrx_word' id='word_1_316' title='bbox 711 3740 767 3803; x_wconf 86' lang='lat'><strong>2.</strong></span> <span class='ocrx_word' id='word_1_317' title='bbox 816 3735 1285 3822; x_wconf 86' lang='lat' dir='ltr'><strong>„conventum“</strong></span> <span class='ocrx_word' id='word_1_318' title='bbox 1345 3738 1504 3804; x_wconf 91' lang='lat' dir='ltr'><strong>dicit</strong></span> <span class='ocrx_word' id='word_1_319' title='bbox 1548 3738 1617 3804; x_wconf 94' lang='lat' dir='ltr'><strong>C.</strong></span> <span class='ocrx_word' id='word_1_320' title='bbox 1665 3738 2059 3802; x_wconf 91' lang='lat' dir='ltr'><strong>iudicium</strong></span> <span class='ocrx_word' id='word_1_321' title='bbox 2118 3745 2182 3803; x_wconf 90' lang='lat' dir='ltr'><strong>et</strong></span> <span class='ocrx_word' id='word_1_322' title='bbox 2237 3757 2403 3820; x_wconf 87' lang='lat' dir='ltr'><strong>quae</strong></span> 
     </span>
     <span class='ocr_line' id='line_1_39' title="bbox 248 3822 2403 3907; baseline 0 -20"><span class='ocrx_word' id='word_1_323' title='bbox 248 3824 330 3888; x_wconf 91' lang='lat' dir='ltr'><strong>ad</strong></span> <span class='ocrx_word' id='word_1_324' title='bbox 373 3823 681 3888; x_wconf 89' lang='lat' dir='ltr'><strong>iudicium</strong></span> <span class='ocrx_word' id='word_1_325' title='bbox 724 3825 1065 3907; x_wconf 90' lang='lat' dir='ltr'><strong>pertinent,</strong></span> <span class='ocrx_word' id='word_1_326' title='bbox 1120 3833 1521 3902; x_wconf 80' lang='lat' dir='ltr'><strong>„conventum</strong></span> <span class='ocrx_word' id='word_1_327' title='bbox 1567 3825 1795 3904; x_wconf 73' lang='lat' dir='ltr'><strong>ayere“</strong></span> <span class='ocrx_word' id='word_1_328' title='bbox 1839 3822 2000 3888; x_wconf 89' lang='lat' dir='ltr'><strong>dicit</strong></span> <span class='ocrx_word' id='word_1_329' title='bbox 2043 3829 2403 3905; x_wconf 90' lang='lat' dir='ltr'><strong>praetorem</strong></span> 
     </span>
     <span class='ocr_line' id='line_1_40' title="bbox 247 3907 2402 3994; baseline 0 -22"><span class='ocrx_word' id='word_1_330' title='bbox 247 3927 360 3991; x_wconf 91' lang='lat' dir='ltr'><strong>per</strong></span> <span class='ocrx_word' id='word_1_331' title='bbox 389 3909 598 3990; x_wconf 78' lang='lat' dir='ltr'><strong>urbeS,</strong></span> <span class='ocrx_word' id='word_1_332' title='bbox 631 3928 791 3991; x_wconf 91' lang='lat' dir='ltr'><strong>quas</strong></span> <span class='ocrx_word' id='word_1_333' title='bbox 823 3909 1036 3974; x_wconf 88' lang='lat' dir='ltr'><strong>edicto</strong></span> <span class='ocrx_word' id='word_1_334' title='bbox 1066 3910 1387 3994; x_wconf 88' lang='lat' dir='ltr'><strong>proponit,</strong></span> <span class='ocrx_word' id='word_1_335' title='bbox 1418 3908 1665 3974; x_wconf 90' lang='lat' dir='ltr'><strong>iudicia</strong></span> <span class='ocrx_word' id='word_1_336' title='bbox 1695 3907 2053 3972; x_wconf 88' lang='lat' dir='ltr'><strong>habentem.</strong></span> <span class='ocrx_word' id='word_1_337' title='bbox 2130 3907 2402 3973; x_wconf 89' lang='lat' dir='ltr'><strong>eandem</strong></span> 
     </span>
    </p>
   </div>
   <div class='ocr_carea' id='block_1_2' title="bbox 252 4106 2406 4244">
    <p class='ocr_par' dir='ltr' id='par_1_3' title="bbox 252 4106 2406 4244">
     <span class='ocr_line' id='line_1_41' title="bbox 422 4106 2406 4176; baseline 0.001 -16"><span class='ocrx_word' id='word_1_338' title='bbox 422 4112 468 4172; x_wconf 90' lang='lat'><strong>1)</strong></span> <span class='ocrx_word' id='word_1_339' title='bbox 515 4122 652 4175; x_wconf 88' lang='lat' dir='ltr'><strong>quae</strong></span> <span class='ocrx_word' id='word_1_340' title='bbox 698 4112 997 4176; x_wconf 87' lang='lat' dir='ltr'><strong>sequuntur</strong></span> <span class='ocrx_word' id='word_1_341' title='bbox 1033 4111 1213 4165; x_wconf 83' lang='lat' dir='ltr'><strong>omnia</strong></span> <span class='ocrx_word' id='word_1_342' title='bbox 1259 4124 1325 4162; x_wconf 86' lang='lat' dir='ltr'><strong>ex</strong></span> <span class='ocrx_word' id='word_1_343' title='bbox 1361 4107 1576 4161; x_wconf 85' lang='lat' dir='ltr'><strong>actione</strong></span> <span class='ocrx_word' id='word_1_344' title='bbox 1610 4106 1850 4162; x_wconf 85' lang='lat' dir='ltr'><strong>secunda</strong></span> <span class='ocrx_word' id='word_1_345' title='bbox 1897 4122 2018 4160; x_wconf 92' lang='lat' dir='ltr'><strong>cum</strong></span> <span class='ocrx_word' id='word_1_346' title='bbox 2065 4107 2236 4175; x_wconf 88' lang='lat' dir='ltr'><strong>petita</strong></span> <span class='ocrx_word' id='word_1_347' title='bbox 2278 4108 2406 4174; x_wconf 89' lang='lat' dir='ltr'><strong>sint,</strong></span> 
     </span>
     <span class='ocr_line' id='line_1_42' title="bbox 252 4175 1029 4244; baseline 0.003 -15"><span class='ocrx_word' id='word_1_348' title='bbox 252 4175 514 4230; x_wconf 84' lang='lat' dir='ltr'><strong>actionem</strong></span> <span class='ocrx_word' id='word_1_349' title='bbox 550 4192 658 4230; x_wconf 92' lang='lat' dir='ltr'><strong>non</strong></span> <span class='ocrx_word' id='word_1_350' title='bbox 695 4176 1029 4244; x_wconf 78' lang='lat' dir='ltr'><strong>significabo,</strong></span> 
     </span>
    </p>
   </div>
  </div>
 </body>
</html>
