2984 4875
418 1529 555 1628 Qui
601 1567 834 1626 extra
887 1563 1397 1628 territorium
1455 1562 1945 1645 municipii¹)
1993 1565 2231 1630 civium
2275 1566 2401 1631 Ro-

238 1670 577 1716 manorum
622 1649 961 1716 considunt
1006 1652 1182 1717 cives
1213 1652 1486 1716 Romani
1532 1653 1921 1717 constituunt
1963 1672 2105 1736 pro
2150 1655 2401 1719 muni·

236 1737 466 1819 cipio
511 1755 647 1801 rem
691 1737 1018 1819 publicam
1049 1756 1241 1819 quam
1274 1742 1697 1819 „conventum
1743 1738 1865 1802 civ.
1912 1735 2029 1803 R.“
2074 1738 2205 1804 dici
2236 1739 2404 1806 infra

236 1822 628 1887 videbimus.

416 1906 621 1972 extra‘
643 1907 1097 1990 municipalem
1143 1912 1356 1971 autem
1389 1926 1526 1972 rem
1556 1908 1882 1991 publicam
1915 1914 2061 1973 sunt
2089 1909 2402 1992 imprimis

239 1992 356 2074 qui
402 1992 469 2056 in
513 1992 862 2074 provinciis
906 1993 1308 2072 negotiantur
1346 1992 1524 2058 cives
1556 1993 1654 2074 R„
1701 2011 1845 2057 cum
1874 1999 2023 2062 ante
2058 1993 2403 2059 Caesarem

236 2084 501 2160 praeter
560 2076 929 2142 Narbonem
986 2077 1284 2141 Martium
1343 2078 1696 2161 municipia
1759 2079 1824 2142 in
1882 2080 2229 2161 provinciis
2294 2078 2401 2144 de·

237 2163 497 2227 fuerint.
588 2162 654 2226 in
697 2162 905 2242 Italia,
953 2163 1134 2228 cuius
1180 2182 1336 2243 ager
1364 2164 1662 2246 publicus
1691 2162 1967 2245 Augusti
2010 2165 2405 2247 temporibus

237 2265 454 2330 paene
501 2247 708 2312 omnis
754 2246 1130 2329 adsignatus
1161 2253 1316 2328 erat,
1361 2249 1487 2312 rari
1527 2256 1879 2313 conventus
1909 2247 2049 2313 fieri
2089 2255 2401 2331 poterant.

238 2331 486 2396 fiebant
542 2341 758 2397 autem
799 2352 927 2397 non
989 2333 1198 2397 minus
1242 2339 1436 2414 atque
1483 2334 1547 2395 in
1596 2333 1945 2414 provinciis
1991 2334 2044 2397 si
2091 2334 2296 2398 maior
2340 2341 2405 2398 et

237 2417 592 2500 municipio
638 2438 765 2483 non
808 2418 1169 2503 adscriptus
1214 2418 1451 2484 civium
1499 2437 1799 2484 numerus
1832 2417 2071 2483 alicubi
2126 2416 2409 2502 degebat

238 2503 350 2568 vel
382 2499 856 2586 ,‚consistebat“
905 2508 1078 2581 (nam
1109 2503 1232 2568 hoc
1263 2504 1461 2568 verbo
1494 2503 1789 2568 dicuntur
1833 2504 1880 2567 ii
1911 2505 2023 2587 qui
2068 2524 2195 2569 non
2226 2505 2405 2571 cives

240 2596 387 2654 sunt
433 2589 501 2652 in
547 2607 623 2653 eo
670 2589 987 2654 territorio
1032 2590 1099 2652 in
1143 2607 1269 2670 quo
1317 2588 1579 2671 degunt,
1624 2608 1737 2653 seu
1783 2589 1936 2671 quia
1982 2590 2144 2654 illud
2200 2591 2406 2655 solum

239 2671 329 2738 ad
386 2673 629 2737 nullam
688 2692 825 2738 rem
871 2674 1194 2756 publicam
1252 2675 1532 2756 pertinet
1575 2692 1689 2739 seu
1736 2675 1891 2755 quia
1932 2694 2061 2739 non
2105 2674 2192 2740 ad
2238 2694 2405 2756 eam,

242 2759 426 2824 cuius
459 2759 637 2824 cives
666 2758 761 2822 illi
792 2762 984 2832 sunt).
1051 2760 1145 2825 sic
1176 2765 1560 2824 conventum
1592 2758 1915 2824 habebant
1946 2766 2233 2826 aratores
2265 2761 2406 2842 agri

160 2861 164 2865 ·
243 2843 580 2925 Campani,
612 2844 721 2925 qui
751 2863 907 2926 ager
935 2864 1004 2909 re
1033 2844 1297 2928 publica
1326 2844 1583 2909 sublata
1615 2863 1783 2909 anno
1816 2846 1936 2907 211
1972 2865 2031 2910 a.
2065 2845 2214 2911 Chr.
2247 2846 2407 2909 nulli

241 2929 339 2993 rei
369 2929 672 3012 publicae
715 2929 1077 3012 adscriptus
1124 2935 1278 2993 erat.
1355 2949 1475 2994 nec
1520 2930 1729 3009 mjnus
1760 2930 1991 3011 quibus
2025 2930 2265 2994 viritim
2314 2928 2408 3007 (id

243 3021 342 3079 est
385 3013 641 3079 colonia
681 3033 811 3079 non
841 3015 1205 3090 constituta)
1250 3032 1408 3096 ager
1449 3013 1825 3096 adsignatus
1858 3020 1995 3079 erat
2024 3020 2407 3081 conventum

241 3098 730 3164 constituebant.

415 3183 621 3247 altera
676 3182 929 3249 accedit
985 3190 1337 3248 conventus
1394 3182 1822 3248 constituendi
1882 3182 2044 3249 haec
2089 3184 2405 3267 condici0‚

245 3267 323 3332 ut’
356 3286 484 3332 non
533 3267 821 3333 eiusdem
863 3268 1108 3350 negotii
1166 3270 1342 3334 cives
1387 3269 1462 3333 R.
1510 3269 1882 3334 societatem
1929 3269 2165 3334 ineant.
2256 3290 2406 3334 nam

244 3357 597 3418 conventus
644 3372 787 3418 cum
829 3373 947 3436 pro
994 3353 1343 3437 municipio
1390 3355 1473 3419 sit
1520 3343 1864 3439 αὐτάρκης,
1913 3360 1982 3418 ut
2023 3354 2407 3420 Aristoteles

244 3438 356 3518 ait,
406 3455 549 3502 esse
594 3436 790 3503 debet
832 3437 940 3514 (ad
988 3447 1371 3503 conventum
1403 3446 1831 3504 consentaneo
1879 3438 2197 3520 quadrant
2240 3459 2408 3522 quae

246 3522 627 3588 Aristoteles
672 3524 737 3587 in
781 3523 1063 3606 politicis
1107 3522 1191 3588 de
1236 3524 1720 3590 condicionibus
1765 3525 1902 3590 sine
1943 3525 2175 3606 quibus
2207 3522 2408 3601 πόλις

245 3614 714 3689 esse-nequeat
758 3614 1106 3673 enumerat.
1160 3604 1368 3691 132513
1404 3611 1531 3684 35).

416 3695 608 3757 tertia
653 3693 945 3758 condicio
993 3699 1108 3775 est,
1153 3700 1223 3758 ut
1265 3695 1747 3759 universitatem
1795 3692 2079 3760 habeant
2123 3695 2299 3760 cives
2331 3696 2405 3760 R.

417 3786 517 3842 est
573 3778 768 3860 igitur
827 3785 1176 3844 conventus
1238 3778 1307 3844 C.
1326 3779 1401 3843 R.
1448 3779 1834 3844 universitas
1894 3779 2132 3844 civium
2190 3780 2265 3844 R.
2312 3779 2407 3844 di-

246 3880 473 3927 versae
516 3864 972 3945 negotiationis
1015 3869 1199 3928 extra
1229 3865 1614 3929 territorium
1648 3864 2035 3948 municipale
2068 3863 2227 3929 ΟΒ.
2262 3884 2410 3929 con-

420 4048 471 4108 1)
507 4045 777 4111 ‚‚munic.“
815 4045 992 4099 dicam
1029 4060 1151 4099 cum
1185 4044 1319 4099 iuris
1354 4045 1616 4101 consultis
1651 4049 1706 4101 et
1742 4047 1985 4103 colonias
2020 4049 2077 4101 et
2111 4046 2408 4115 municipia

246 4112 342 4166 civ.
381 4112 536 4166 Rom.
574 4117 645 4178 (v.
681 4113 801 4182 Dig.
829 4112 873 4166 L
903 4118 949 4178 1,
981 4118 1025 4179 1,
1055 4117 1101 4178 1)

350 4204 656 4250 Schulten.
1969 4204 1991 4252 1
