2984 4875
1420 386 1847 449 ..28-

557 559 657 617 tur
704 553 914 619 coloni
962 554 1140 620 missi
1187 573 1349 635 esse,
1412 555 1705 621 coloniae
1752 553 1819 619 Ο.
1846 555 1922 619 Β.
1969 557 2107 620 iure
2164 574 2293 620 non
2352 556 2546 621 simul
2607 556 2727 622 ad-

555 637 709 715 dito,
756 658 902 703 nam
951 638 1095 705 OIG
1125 639 1211 721 II,
1244 642 1410 704 2923
1458 641 1568 722 qui
1616 646 2192 706 commemorantur
2244 641 2539 723 Augusto
2572 662 2725 709 con-

554 722 747 788 ditori
817 724 1058 806 gratias
1133 732 1397 808 agentes
1466 724 1752 808 ἐγγενέες
1810 724 2141 791 Bockhius
2206 727 2509 808 probavit
2578 747 2725 803 esse

552 813 805 874 veteres
851 809 1216 877 Trallianos
1262 829 1338 875 eo
1373 811 1690 877 vocabulo
1735 830 1777 875 a
1821 810 2066 876 colonis
2098 811 2405 878 Romanis
2453 811 2720 879 distinc-

551 899 650 959 tos
666 894 727 971 ¹).
818 895 1031 960 coloni
1075 896 1212 961 sine
1259 895 1551 962 coloniae
1597 897 1734 962 iure
1766 894 2029 961 deducti
2075 896 2332 978 saepius
2378 896 2715 963 inveniun-
2780 977 2790 987 ι

554 984 658 1042 tur
726 979 810 1056 (v.
873 978 1068 1045 finem
1127 981 1324 1055 libri).
1400 1015 1483 1025 -
1555 982 1731 1047 cives
1789 981 1863 1045 Β.
1924 980 2249 1047 Trallibus
2307 982 2435 1046 iam
2494 981 2724 1048 Cicero

554 1072 1008 1130 commemorat
1049 1085 1167 1147 pro
1212 1066 1448 1133 Flacco
1494 1066 1716 1132 dicens
1775 1068 1835 1141 (ὅ
1894 1068 2018 1141 71).
2064 1101 2147 1111 —-
2203 1065 2290 1131 ad
2334 1074 2722 1132 conventum

550 1149 831 1231 pertinet
858 1143 897 1235 ἡ
934 1154 1331 1234 συνεργασία
1361 1151 1496 1213 τῶν
1526 1148 1943 1234 κυρτοβόλων
1976 1199 1991 1214 .
2020 1199 2034 1214 .
2060 1146 2228 1213 κατὰ
2259 1146 2334 1214 τὸ
2369 1148 2471 1236 ψή
2532 1172 2716 1233 ισμα,

551 1231 1004 1314 ταμιευόντων
1019 1232 1349 1321 Σεουήρου
1364 1236 1475 1299 καὶ
1493 1233 1841 1321 Ὀνησίμου
1858 1234 2085 1317 (Musei
2102 1234 2283 1301 Rhen
2294 1285 2307 1300 .
2320 1237 2450 1302 vol.
2531 1237 2721 1302 XVII

551 1338 614 1402 p.
664 1321 811 1396 467)
869 1340 1017 1386 nam
1078 1328 1141 1387 et
1199 1322 1478 1404 collegia
1533 1320 1833 1404 opificum
1893 1327 1956 1387 et
2012 1327 2387 1403 quaestores
2457 1322 2720 1406 collegii

550 1405 842 1471 Romana
884 1425 988 1471 res
1032 1412 1178 1472 sunt
1220 1406 1395 1476 (vide
1428 1404 1642 1489 infra).
1687 1439 1771 1451 -
1816 1405 2143 1472 habebant
2173 1407 2348 1472 cives
2379 1407 2453 1471 Β.
2488 1407 2720 1473 Tralli-

550 1491 669 1557 bus
715 1497 1071 1557 curatorem
1120 1498 1183 1557 et
1212 1492 1489 1558 scribam
1536 1493 1691 1568 (iam
1733 1489 1857 1556 hoc
1887 1491 2217 1573 redarguit
2246 1492 2539 1557 coloniae
2572 1512 2718 1558 con-

550 1576 904 1652 iecturam).
996 1576 1077 1642 de
1120 1575 1223 1643 his
1269 1578 1661 1659 ceterisque,
1720 1595 1886 1658 quae
1947 1577 2033 1641 ad
2091 1581 2475 1643 conventum
2521 1579 2718 1660 perti-

550 1661 771 1726 nentia
837 1680 873 1726 e
942 1661 1144 1728 titulis
1212 1662 1570 1745 discuntur,
1647 1662 1733 1727 ad
1800 1662 2085 1744 singulos
2151 1662 2369 1727 titulos
2437 1663 2723 1728 breviter

551 1746 847 1828 monebo,
898 1766 1276 1830 componam
1325 1767 1581 1813 omnem
1625 1747 1959 1813 materiam
2005 1766 2120 1813 suo
2145 1748 2358 1829 capite
2388 1749 2474 1822 (v,
2509 1747 2719 1825 infra).

548 1867 629 1876 —-
676 1831 742 1895 in
797 1830 1016 1897 Caria:
1076 1832 1398 1899 Priene:
1459 1831 1604 1898 GIG
1651 1833 1848 1897 29062
1917 1832 2213 1897 laudatur
2257 1831 2522 1914 quidam
2567 1834 2722 1914 quia

548 1913 985 2003 ἐπηγγείλατο
1034 1965 1048 1980 .
1097 1963 1110 1977 .
1160 1966 1175 1981 .
1224 1909 1534 2000 ἀλείφειν
1581 1909 1674 1980 δι’
1716 1912 2017 1980 ἐνιαυτοῦ
2064 1915 2351 1992 πολίτας
2406 1906 2718 1993 ἅπαντας

547 2001 657 2066 καὶ
732 1998 889 2077 τοὺς
963 1998 1411 2088 ἐφηβευκότας
1497 2003 1630 2065 τῶν
1707 2005 2051 2082 παροίκων
2122 2002 2233 2065 καὶ
2319 1994 2720 2087 [Ῥω]μαίων

550 2077 859 2162 ἅπαντας
907 2137 921 2151 .
955 2136 973 2153 .
1008 2136 1022 2151 .
1058 2137 1073 2151 .
1133 2122 1215 2133 -
1276 2088 1572 2154 videmus
1629 2088 1937 2171 primum,
2006 2087 2182 2153 cives
2242 2087 2317 2151 Β.
2363 2107 2493 2153 non
2554 2089 2723 2154 inter

551 2176 920 2255 παροίκους
990 2174 1311 2239 numerari
1393 2172 1512 2240 sed
1578 2172 1858 2239 mediam
1925 2171 2369 2238 condicionem
2437 2174 2721 2240 tenuisse

549 2260 717 2324 inter
760 2259 1004 2324 incolas
1050 2264 1298 2325 ceteros
1346 2265 1409 2323 et
1455 2259 1665 2339 civeS,
1713 2256 1981 2341 deinde,
2028 2258 2374 2362 participes
2421 2277 2534 2324 eos
2577 2258 2720 2325 fieri

546 2364 664 2428 pro
711 2342 836 2410 hac
882 2344 1259 2410 condicione
1292 2363 1515 2409 omnes
1560 2345 1938 2421 (ceterorum
1969 2347 2212 2408 tantum
2247 2340 2714 2427 εφηβευκότες)

546 2428 1038 2496 munificentiae.
1086 2466 1170 2475 —
1229 2428 1444 2495 Sami
1504 2428 1676 2512 quod
1734 2428 1854 2495 fuit
1920 2427 2261 2510 collegium
2331 2428 2571 2494 civium
2637 2430 2715 2495 R.

545 2516 820 2581 fortasse
864 2517 1130 2581 vicanus
1175 2521 1526 2581 conventus
1573 2520 1710 2580 erat
1754 2516 1839 2592 (v.
1873 2514 2082 2589 infra).
2128 2547 2212 2558 -—
2272 2513 2337 2577 in
2382 2514 2586 2581 titulis
2630 2514 2721 2581 ad

548 2601 904 2667 Hecateum
936 2601 1224 2683 Laginae
1270 2600 1519 2684 positis,
1568 2601 1679 2682 qui
1721 2607 1792 2665 ut
1820 2599 2205 2664 Prienenses
2250 2597 2518 2663 laudant
2547 2599 2722 2666 dona

547 2687 797 2752 civitati
844 2685 1015 2765 data,
1061 2687 1226 2751 inter
1268 2686 1510 2751 classes
1557 2704 1722 2767 quae
1766 2685 2113 2768 participes
2158 2689 2340 2748 erant
2384 2684 2717 2768 donorum,

544 2777 691 2840 sunt
736 2772 912 2838 cives
958 2772 1032 2835 R.
1081 2806 1158 2815 -
1207 2772 1270 2848 a)
1316 2765 1624 2855 [ἑκάστωι
1680 2770 1813 2832 τιῦν
1863 2763 2184 2852 πολι]τιῦν
2226 2768 2339 2832 καὶ
2377 2762 2720 2849 Ῥωμαίων

548 2855 788 2922 ἔδωκεν
835 2847 961 2920 ἇνά
1010 2851 1359 2941 [ὁ]ραχμὰς
1403 2852 1633 2939 πέντε[
1664 2905 1679 2920 .
1714 2905 1728 2920 .
1779 2890 1856 2898 --
1909 2855 2149 2931 (bullet.
2184 2851 2266 2918 de
2310 2873 2588 2938 corresp.
2621 2855 2721 2920 XI

543 2964 606 3026 p.
660 2945 815 3024 1463
881 2942 956 3024 V,
1032 2944 1192 3015 191).
1264 2976 1346 2985 —
1423 2941 1487 3014 b)
1557 2949 1685 3007 tres
1754 2938 2095 3006 drachmas
2162 2938 2344 3004 dedit
2409 2939 2717 3006 sacerdos

546 3029 834 3094 Hecatae
879 3026 1267 3093 dividendas
1323 3028 1523 3091 natali
1570 3027 1676 3092 die
1735 3046 1882 3092 suo:
1937 3017 2243 3104 Ῥωμέοις
2303 3023 2414 3087 καὶ
2474 3020 2720 3100 ξείνοις

547 3113 896 3187 πλείστοις
938 3113 1049 3175 καὶ
1100 3107 1515 3196 [πολίταιςῖ]
1566 3113 1705 3189 (1.1.
1752 3111 1868 3193 XI,
1906 3112 2069 3183 147).
2122 3143 2206 3153 —-
2251 3112 2310 3185 c)
2356 3157 2372 3174 .
2406 3157 2421 3172 .
2458 3105 2526 3173 ἐν
2571 3121 2718 3186 τοῖς

544 3196 947 3282 γενεθλίοῂς
980 3247 995 3260 .
1024 3246 1038 3261 .
1074 3246 1089 3260 .
1124 3194 1327 3261 ἔδωκε
1359 3200 1401 3276 ,Ἰ
1432 3191 1745 3281 ἑκάστωι]
1792 3196 1924 3259 τιῦν
1965 3188 2303 3275 Ῥωμαίων
2348 3193 2460 3258 καὶ
2509 3191 2715 3269 ξένων

545 3276 675 3348 ἀνὰ
721 3278 1018 3366 δραχμὰς
1064 3277 1319 3369 π[έντε]
1365 3306 1421 3346 κ.
1451 3306 1511 3346 τ.
1547 3282 1603 3345 λ.
1651 3283 1715 3359 (l.
1750 3283 1790 3346 l.
1830 3282 1994 3356 149).
2044 3315 2121 3325 —
2169 3280 2236 3356 d)
2267 3280 2444 3346 cives
2477 3281 2553 3345 R.
2583 3300 2716 3346 non

547 3370 852 3452 distingui
914 3367 1243 3434 videntur:
1303 3365 1555 3446 (ἔδωκε)
1613 3368 1748 3431 τῶν
1804 3387 1876 3429 τε
1936 3364 2234 3429 πολιτῶν
2279 3360 2535 3449 ἑκάστῳ
2583 3357 2714 3428 ἀνὰ

547 3449 892 3536 ὁρ(αχμάς)
953 3452 1109 3516 δέκα
1155 3454 1267 3516 καὶ
1309 3452 1700 3534 βουλευταῖς
1739 3475 1779 3531 χ
1826 3443 1951 3514 ἀνὰ
2013 3446 2308 3532 δραχμὰς
2355 3446 2428 3524 ἕξ
2467 3453 2713 3532 μυρίας

553 3535 721 3625 [τοῖς
769 3536 866 3621 ὃ]ὲ
915 3532 1143 3614 ἄλλοις
1192 3534 1341 3623 [ἔτι]
1389 3550 1532 3613 τοῖς
1576 3536 1995 3601 κατοικοῦσιν
2038 3531 2158 3621 τὴν
2191 3531 2393 3598 πόλιν
2438 3536 2549 3600 καὶ
2593 3531 2715 3619 τὴν

539 3622 763 3706 χώραν
829 3616 958 3688 ἀνὰ
1028 3620 1322 3704 δραχμάς
1377 3623 1400 3704 l
1419 3624 1442 3704 l
1461 3622 1529 3704 ll
1546 3622 1698 3702 llll
1718 3622 1741 3702 l
1806 3619 2003 3695 (arch.
2065 3621 2265 3705 epigr.
2325 3621 2576 3686 mitteil.
2624 3621 2716 3686 VI

547 3733 611 3795 p.
651 3712 815 3786 164).
863 3746 943 3755 -
992 3713 1050 3786 e)
1098 3711 1365 3775 bulletin
1411 3709 1486 3789 V,
1526 3712 1681 3789 1913
1727 3707 1842 3791 XI,
1880 3708 2000 3769 146
2046 3706 2521 3788 distinguuntur
2559 3700 2715 3769 Ῥω-

544 3806 738 3877 μαῖοι
783 3802 846 3861 et
890 3791 1230 3877 πάροικοι.
1287 3827 1369 3838 --
1431 3800 1500 3858 ut
1557 3793 1787 3859 Priene
1842 3811 1883 3855 a
1928 3794 2283 3872 παροίκοις
2339 3790 2630 3873 Laginae
2674 3811 2716 3856 a

724 4017 770 4079 1)
805 4012 946 4066 addo
986 4011 1128 4080 quod
1165 4012 1220 4063 in
1258 4009 1432 4064 edicto
1472 4008 1556 4062 Ti.
1594 4007 1747 4062 Alex.
1775 4008 1873 4062 lin.
1902 4010 1966 4061 33
2004 4007 2238 4075 (Marqu.
2275 4006 2545 4061 administ.
2581 4008 2710 4076 imp.

546 4081 612 4136 R.
651 4082 703 4135 1²
738 4099 791 4151 p.
832 4083 931 4133 455
982 4085 1093 4134 not.
1135 4084 1183 4144 7)
1235 4078 1639 4145 distinguuntur
1687 4074 1937 4148 ἐγγενεῖς
1983 4069 2358 4147 Ἀλεξανδρεῖς
2402 4077 2499 4131 καὶ
2544 4072 2608 4132 ἐν
2643 4079 2715 4147 τῇ

545 4146 713 4206 πόλει
763 4144 850 4206 διὰ
887 4149 1188 4219 φιλεργίαν
1222 4148 1644 4210 κατοικοῦντες.

2971 501 2984 710 Ξ
