2984 4875
1520 369 1902 427 -4-

630 536 722 614 fit,
767 555 911 602 cum
951 536 1372 619 municipium
1402 535 1591 601 desit.
1682 535 1900 600 Narbo
1934 535 2189 601 colonia
2231 535 2495 602 condita
2537 543 2638 603 est
2680 556 2791 603 ne-

631 623 804 687 mine
825 623 1033 704 magis
1057 620 1367 686 suadente
1390 640 1584 703 quam
1606 621 2133 702 negotiatoribus,
2167 640 2310 686 cum
2338 621 2406 686 in
2435 640 2505 687 re
2530 622 2799 707 publica

631 706 815 772 Rom.
847 706 1043 772 tutius
1074 707 1459 788 negotiaturi
1492 713 1707 772 essent
1735 725 1928 788 quam
1966 707 2031 771 in
2064 712 2400 772 conventu.
2468 708 2579 790 qui
2624 706 2792 775 haec

630 790 968 874 deliberat,
992 791 1311 874 intellegit
1335 800 1719 857 conventum
1752 810 1894 857 esse
1924 811 1993 858 re
2016 810 2174 857 vera
2196 811 2355 876 „pro
2378 790 2794 876 municipio“.

630 912 716 922 —-
767 894 935 959 quae
990 877 1228 959 protuli
1283 876 1688 958 aliquatenus
1747 875 2086 943 discedunt
2129 898 2170 942 a
2212 877 2635 943 Mommsenio
2681 880 2796 960 qui

636 971 855 1029 censet
898 969 1249 1027 conventus
1291 967 1476 1027 natos
1522 980 1663 1028 esse
1712 980 1748 1027 e
1794 961 2197 1028 dioecesibus
2253 962 2571 1045 iuridicis,
2632 982 2796 1045 quos

630 1048 879 1112 Plinius
925 1041 1365 1128 ,‚conventus“
1409 1046 1585 1111 dicit.
1676 1047 1928 1112 initium
1973 1048 2167 1129 igitur
2210 1046 2370 1112 mihi
2412 1049 2795 1113 sumendum

630 1153 672 1198 a
700 1132 1017 1198 vocabulo
1063 1137 1411 1197 conventus
1458 1131 1643 1213 C.R.,
1689 1137 1761 1196 ut
1803 1132 2099 1197 videatur
2142 1132 2299 1214 quid
2357 1132 2533 1215 apud
2576 1141 2796 1200 aucto-

629 1238 765 1367 1·θεύ
799 1216 959 1300 quid
1002 1218 1069 1282 in
1113 1218 1315 1282 titulis
1362 1215 1697 1300 significet.
1744 1252 1828 1263 -
1873 1223 2064 1283 antea
2108 1218 2329 1300 paucis
2372 1218 2798 1301 praefandum

629 1304 719 1368 mi
770 1303 791 1367 i
836 1308 953 1369 est.

625 1465 629 1470 ⁵
801 1387 1289 1467 Mommsenius,
1348 1407 1390 1451 a
1432 1406 1560 1469 quo
1607 1387 1727 1452 rite
1784 1385 1943 1451 mihi
1988 1387 2354 1470 incepturus
2409 1387 2666 1468 videor,
2726 1394 2800 1453 ut

631 1492 822 1555 quem
866 1473 1046 1537 nulla
1087 1473 1267 1554 regio
1304 1472 1755 1555 antiquitatum
1787 1473 2216 1538 Romanarum
2263 1473 2478 1555 lateat,
2525 1474 2619 1548 sic
2661 1475 2795 1557 pri-

629 1577 771 1623 mus
817 1564 883 1623 et
931 1557 1286 1622 delineavit
1329 1564 1681 1623 conventus
1725 1559 2040 1623 rationem
2057 1560 2097 1631 ¹)
2143 1566 2207 1623 et
2251 1578 2413 1640 opus
2458 1577 2601 1624 esse
2646 1558 2795 1623 dili·

630 1644 808 1725 genti
855 1662 1075 1709 eorum
1119 1644 1498 1708 tractatione
1544 1641 1727 1707 dixit.
1775 1677 1854 1687 —
1907 1645 2069 1707 1879
2116 1643 2578 1725 Francogallus
2623 1664 2687 1707 v.
2729 1644 2795 1709 d.

630 1728 936 1794 Morelius
993 1728 1251 1810 scripsit
1305 1729 1391 1793 ad
1437 1728 1657 1793 titulos
1704 1736 2056 1795 conventus
2100 1728 2425 1794 Helvetici
2472 1748 2796 1794 commen-

631 1814 864 1879 tarium
888 1812 1062 1879 haud
1087 1813 1577 1897 spernendum2)
1608 1812 1733 1895 „de
1757 1815 2153 1879 curatoribus
2177 1814 2416 1880 civium
2439 1811 2557 1878 R.“
2584 1813 2794 1879 More-

630 1900 756 1965 lius
779 1900 1160 1965 Mommseni
1192 1900 1716 1965 commentarium
1747 1899 2047 1982 ignorans
2077 1919 2207 1965 non
2236 1899 2362 1965 nisi
2394 1899 2523 1965 iam
2554 1900 2799 1981 scripta

630 1983 1082 2051 dissertatione
1113 1982 1411 2050 adhibuit
1446 2004 1783 2069 paucaque
1827 1983 2082 2050 addidit
2126 1985 2209 2050 de
2239 2003 2336 2049 eo.
2369 2019 2452 2029 —
2485 1984 2797 2050 Wilamo-

629 2071 876 2153 witzio,
945 2068 1303 2136 studiorum
1371 2089 1658 2136 meorum
1741 2071 2003 2152 egregio
2070 2070 2424 2152 columine,
2498 2068 2797 2136 hortante

628 2155 928 2237 equidem
988 2175 1398 2239 susceperam
1456 2158 1523 2220 in
1572 2156 2004 2237 negotiatores
2063 2156 2386 2221 Romanos
2444 2155 2797 2237 inquirere,

629 2259 897 2322 quorum
956 2241 1249 2323 collegiis
1308 2261 1450 2306 cum
1509 2260 1774 2324 operam
1831 2239 2088 2324 darem,
2146 2239 2397 2306 delatus
2451 2260 2590 2306 sum
2641 2260 2798 2305 mox

627 2326 713 2390 ad
761 2331 1111 2391 conventus
1157 2325 1352 2403 G.R.,
1400 2327 1511 2408 qui
1556 2334 1703 2391 sunt
1755 2332 1826 2391 ut
1868 2326 2008 2390 dixi
2053 2345 2283 2408 corpus
2327 2326 2797 2408 negotiantium

630 2411 871 2476 civium
917 2418 1101 2477 extra
1143 2411 1529 2476 territorium
1562 2410 1632 2477 C.
1650 2412 1724 2477 R.
1814 2430 2069 2495 semper
2102 2411 2599 2477 Wilamowitzio
2644 2430 2794 2476 con—

631 2496 761 2562 silii
808 2497 981 2562 illius
1025 2497 1297 2579 gratiam
1333 2495 1607 2579 habebo,
1655 2517 1798 2563 cum
1846 2503 2291 2578 conventuum,
2337 2498 2449 2579 qui
2479 2498 2546 2561 in
2574 2496 2796 2562 medio

630 2586 779 2647 sunt
822 2582 987 2647 inter
1015 2602 1150 2647 rem
1182 2582 1639 2665 municipalem
1670 2589 1735 2648 et
1766 2582 2192 2664 collegialem,
2240 2584 2405 2647 inter
2435 2583 2534 2647 ius
2580 2581 2797 2664 publi-

633 2687 776 2733 cum
824 2675 888 2732 et
931 2669 1286 2750 privatum,
1346 2668 1641 2733 tractatio
1701 2686 1806 2733 me
1865 2668 1931 2732 in
1975 2668 2193 2733 nescio
2240 2673 2396 2749 quot
2438 2668 2602 2732 alias
2651 2667 2795 2732 vias

628 2752 967 2818 devertere
1013 2754 1312 2835 coegerit.
1359 2789 1444 2797 —
1489 2773 1634 2818 cum
1682 2753 2205 2818 commentarium
2243 2771 2454 2835 paene
2484 2752 2794 2818 confecis-

630 2856 767 2903 sem
795 2838 1085 2903 Mitteisii
1136 2839 1301 2903 liber
1353 2838 1631 2921 optimus
1649 2839 1693 2914 3)
1727 2838 1986 2922 prodiit,
2033 2838 2095 2901 in
2127 2856 2276 2920 que,
2324 2843 2393 2901 ut
2422 2838 2794 2919 illustretur,

630 2941 797 3004 quae
853 2924 1017 2988 ratio
1072 2924 1236 2988 inter
1292 2923 1468 2988 cives
1527 2924 1603 2988 R.
1649 2931 1713 2988 et
1769 2923 2143 3006 peregrinas
2199 2922 2496 2987 civitates
2548 2923 2615 2987 in
2661 2922 2794 2987 illis

629 3009 981 3090 provinciis
1027 3009 1474 3088 intercesserit,
1523 3014 1734 3073 exstat
1780 3015 1973 3092 caput
2002 3007 2128 3089 „de
2160 3008 2411 3072 civibus
2445 3008 2517 3072 R.
2550 3008 2616 3071 in
2646 3027 2793 3090 pro-

630 3093 861 3158 vinciis
921 3091 1473 3159 consistentibus“.
1578 3113 1721 3158 cum
1779 3102 1993 3157 autem
2054 3092 2136 3157 de
2203 3093 2283 3158 iis
2349 3092 2792 3157 tantummodo

631 3179 1048 3243 conventibus
1094 3178 1283 3244 docto
1315 3177 1651 3243 Themidis
1697 3178 1914 3243 clienti
1959 3176 2280 3260 agendum
2313 3186 2484 3243 esset
2518 3180 2628 3260 qui
2656 3175 2790 3242 fue·

628 3270 775 3327 runt
827 3265 893 3328 in
947 3264 1208 3329 urbibus
1268 3263 1564 3345 Graecis,
1623 3261 1710 3327 ad
1752 3268 1954 3328 totam
1998 3269 2425 3329 conventuum
2476 3265 2791 3329 rationem

629 3347 1146 3432 perspiciendam
1202 3350 1410 3413 minus
1467 3349 1687 3413 valere
1745 3353 1959 3432 potest
2014 3349 2126 3414 ille
2183 3349 2366 3414 liber.
2426 3384 2498 3391 —-
2561 3348 2792 3414 eodem

631 3453 757 3516 quo
806 3453 927 3516 ego
985 3439 1303 3515 tempore,
1364 3438 1626 3499 auctore
1671 3432 1747 3499 Ο.
1795 3431 2231 3499 Hirschfeldio
2279 3434 2566 3499 Berolini
2613 3434 2789 3500 insti-

631 3524 840 3595 tuerat
883 3538 1076 3600 agere
1120 3517 1203 3582 de
1236 3517 1464 3582 eadem
1496 3520 1767 3583 materia
1796 3519 1870 3583 E.
1902 3519 2312 3585 Kornemann
2344 3521 2524 3584 cuius
2556 3519 2787 3585 disser-

632 3603 793 3668 tatio
839 3602 1079 3684 prodiit
1123 3622 1266 3668 cum
1310 3603 1453 3685 ipse
1498 3603 1718 3669 limam
1765 3605 1946 3687 operi
1989 3603 2447 3686 adponerem.⁴)
2516 3605 2788 3689 primum

628 3722 750 3731 ----

806 3791 855 3850 1)
891 3785 949 3839 in
983 3786 1192 3854 egregio
1229 3786 1615 3841 commentario
1651 3788 1720 3841 de
1745 3787 1967 3841 canabis
2005 3803 2052 3841 c.
2079 3787 2445 3842 Romanorum
2480 3788 2538 3840 in
2561 3787 2790 3842 Hermae

631 3854 735 3910 vol.
761 3854 865 3909 VII
900 3856 1072 3920 (1873)
1249 3859 1298 3919 2)
1335 3854 1620 3909 Memoircs
1657 3854 1724 3908 de
1758 3855 1814 3908 la
1852 3856 2054 3911 societe
2098 3855 2377 3910 d’histoire
2413 3856 2478 3910 de
2511 3857 2567 3908 la
2604 3855 2789 3910 Suisse

630 3922 908 3977 Romande
942 3922 1175 3977 XXXIV
1210 3926 1384 3987 (1879)
1606 3926 1656 3988 3)
1692 3923 2050 3978 Reichsreoht
2084 3925 2198 3977 und
2231 3924 2558 3979 Volksrecht
2591 3923 2649 3978 in
2687 3924 2789 3979 den

631 3992 754 4045 ostl.
791 3991 1040 4045 Provinz.
1079 3992 1130 4045 d.
1157 3992 1312 4046 Rom.
1350 3991 1724 4046 Kaiserreichs
1762 3992 1998 4060 (Lipsiae
2038 3995 2206 4059 1891).
2372 3996 2425 4056 4)
2458 3991 2790 4046 Hirschfeldi

629 4059 956 4124 benignitate
990 4057 1128 4113 liber
1151 4060 1334 4113 statim
1356 4059 1487 4112 mihi
1511 4059 1708 4114 missus
1743 4061 1987 4128 pervenit
2020 4060 2222 4114 ultimis
2247 4059 2543 4114 decembris
2580 4060 2786 4115 diebus.

625 4127 693 4181 E.
731 4127 826 4180 K.:
866 4126 932 4180 de
967 4126 1121 4180 civib.
1157 4127 1313 4182 Rom.
1351 4128 1408 4181 in
1441 4142 1594 4196 prov.
1629 4128 1839 4195 imperii
1875 4128 2117 4182 consistt.
