2984 4875
1467 366 1890 427 —16-

604 535 697 604 sic
739 530 815 598 τὸ
865 534 1135 614 πλῆθος
1190 534 1322 596 τῶν
1365 532 1676 597 Λινδίων
1734 534 1971 611 (vicani
2015 531 2260 612 Lindii)
2313 532 2395 597 ab
2455 533 2614 597 urbe
2675 525 2779 613 „o‘

603 616 872 699 σύμπας
919 618 1127 699 δᾶμος
1156 619 1581 696 (Rhodiorum
1609 615 1848 702 resp.)“
1893 620 1986 685 sic
2028 612 2338 703 „plebes“
2383 638 2424 683 a
2468 618 2782 702 „populo

602 701 933 771 Romano“
981 706 1407 787 distinguitur.
1443 741 1520 749 -
1555 738 1636 748 —
1666 705 2153 770 Kornemannus
2184 704 2305 769 etsi
2334 702 2531 785 vulgo
2564 723 2777 783 „con-

601 798 863 856 ventum
908 789 977 856 C.
1003 785 1121 855 R.“
1166 810 1293 855 non
1336 791 1657 874 pertinere
1701 789 1788 854 ad
1818 790 2143 856 dioecesin
2189 788 2528 855 iuridicam
2571 786 2779 873 vidit,

599 881 669 940 ut
733 882 1015 960 oportet,
1094 881 1304 941 tamen
1385 877 1478 941 sic
1544 876 1819 959 primum
1897 874 2162 956 aliquod
2228 879 2480 956 tempus
2546 873 2777 940 dictos

602 980 744 1027 esse
802 962 980 1027 cives
1039 962 1114 1025 R.
1160 960 1539 1027 iudiciorum
1599 980 1795 1028 causa
1858 961 2142 1042 aliquam
2199 960 2266 1024 in
2322 959 2545 1023 urbem
2606 978 2774 1023 con-

604 1051 840 1111 tractos
886 1045 1180 1112 coneedit
1240 1048 1328 1128 (p.
1361 1048 1483 1122 16).
1575 1045 1763 1111 affert
1808 1044 2135 1111 Ciceronis
2180 1046 2375 1110 locos.
2464 1042 2582 1109 sed
2627 1043 2774 1110 loci

601 1130 918 1214 quadrant
949 1151 1170 1197 omnes
1200 1132 1284 1196 ad
1317 1150 1479 1213 eam,
1528 1150 1695 1214 quae
1728 1130 1885 1195 mihi
1913 1130 2169 1197 videtur
2212 1148 2373 1211 esse,
2420 1129 2769 1193 rationem.

600 1235 721 1282 nec
764 1216 974 1282 minus
1020 1222 1414 1298 „conventus
1459 1216 1529 1282 G.
1558 1211 1676 1280 R.“
1723 1236 1891 1299 „non
1935 1210 2347 1282 solemniter“
2393 1213 2769 1282 abhibitum

604 1320 765 1367 esse.
853 1309 921 1365 at
963 1321 1090 1366 non
1135 1303 1342 1383 magis
1387 1303 1757 1367 solemniter
1801 1300 2033 1366 dicitur
2076 1301 2296 1381 „cives
2326 1299 2400 1363 R.
2445 1300 2556 1382 qui
2603 1318 2768 1364 con-

601 1383 906 1460 sistunt“;
962 1395 1231 1468 utraque
1290 1406 1419 1452 vox
1476 1406 1610 1452 rem
1669 1387 1929 1469 publico
1986 1385 2123 1451 iure
2182 1392 2501 1450 carentem
2556 1384 2765 1466 signi-

601 1470 783 1554 ficat3
830 1472 885 1537 si
915 1479 1129 1537 autem
1163 1472 1417 1553 quaeris
1460 1479 1668 1537 utrum
1701 1472 2081 1537 vocabulum
2121 1470 2403 1535 maxime
2435 1469 2768 1552 exprimat

600 1576 736 1621 rem
815 1557 1142 1639 publicam
1214 1558 1410 1622 talem
1474 1577 1592 1641 pro
1663 1557 2010 1638 municipio
2067 1556 2504 1638 constitutam,
2562 1572 2762 1635 „con-

601 1649 830 1707 ventus
875 1641 944 1708 G.
972 1637 1090 1707 R.“
1137 1643 1521 1708 vocabulum
1567 1642 1743 1722 dico,
1789 1662 1938 1706 nam
1983 1642 2048 1705 in
2095 1660 2171 1706 eo
2229 1641 2397 1705 inest
2439 1640 2756 1705 universi-

602 1728 752 1792 tatis
796 1727 1018 1809 aliqua
1046 1726 1447 1809 significati0‚
1494 1747 1661 1810 quae
1706 1728 1963 1794 omnino
1993 1746 2122 1791 non
2165 1726 2340 1791 inest·
2372 1727 2440 1790 in
2477 1724 2764 1790 formula

604 1813 824 1894 „cives
870 1813 965 1897 R.,
1013 1813 1122 1894 qui
1155 1861 1170 1876 .
1205 1861 1220 1876 .
1256 1810 1707 1879 ‚consistunt“.
1756 1808 2190 1893 ,‚conventus“
2237 1817 2333 1876 est
2362 1830 2465 1875 res
2495 1809 2762 1894 publica

599 1917 641 1961 a
669 1898 962 1980 „civibus
994 1892 1114 1962 R.“
1146 1898 1506 1979 constituta,
1554 1898 1726 1979 quod
1760 1916 1795 1963 e
1826 1897 2262 1963 Mascululano
2294 1896 2478 1961 titulo
2512 1895 2759 1977 optime

602 1983 1014 2064 intellegitur.
1072 2017 1153 2027 —-
1212 1983 1507 2049 concedit
1563 1984 1754 2065 igitur
1799 1982 2215 2048 Mommsenio
2275 1987 2623 2046 conventus
2692 1986 2763 2045 et

602 2086 739 2132 rem
787 2075 850 2132 et
894 2069 1278 2134 vocabulum
1324 2077 1530 2133 ortum
1578 2088 1718 2134 esse
1765 2088 1801 2134 e
1832 2068 2253 2133 dioecesibus.
2304 2100 2378 2110 —
2432 2085 2761 2148 „conven-

602 2148 745 2217 tus“
793 2173 923 2218 vox
965 2174 1093 2218 non
1138 2155 1346 2219 minus
1379 2154 1655 2236 quadrat
1696 2154 1779 2219 ad
1813 2155 1986 2219 cives
2019 2154 2094 2222 R.
2142 2153 2208 2215 in
2253 2152 2513 2217 civitate
2559 2170 2760 2232 quam

602 2237 687 2302 ad
734 2238 911 2304 cives
956 2239 1022 2303 in
1067 2239 1209 2304 loco
1256 2247 1528 2321 excepto
1575 2242 1658 2318 (v.
1692 2239 1878 2306 infra)
1927 2239 2367 2319 consistentes,
2414 2257 2557 2302 cum
2605 2255 2759 2301 con-

603 2324 1041 2405 gregationem
1088 2324 1299 2407 ipsam
1343 2323 1680 2407 significet.
1772 2332 1985 2390 tamen
2030 2323 2098 2387 id
2145 2324 2355 2406 ipsum
2387 2321 2560 2404 quod
2605 2340 2760 2390 con-

602 2418 831 2475 ventus
878 2408 948 2476 G.
974 2410 1049 2475 R.
1093 2409 1416 2492 significat
1445 2429 1579 2476 rem
1608 2410 1931 2495 publicam
1978 2410 2076 2476 sui
2122 2408 2277 2474 iuris
2310 2406 2505 2474 efficit
2546 2411 2615 2472 ut
2658 2407 2761 2485 in-

604 2495 850 2560 colatus
910 2497 1189 2561 civitatis
1255 2497 1389 2561 fere
1447 2498 1695 2562 alienus
1748 2497 1833 2561 sit
1887 2517 1928 2560 a
1983 2496 2239 2560 nomine
2298 2489 2762 2574 ‚‚conventus“.

606 2575 1044 2661 „conventus“
1091 2580 1287 2647 habet
1333 2582 1464 2647 vim
1509 2582 1891 2662 absolutam,
1938 2582 2155 2661 „cives
2189 2580 2262 2643 R.
2311 2580 2419 2661 qui
2468 2627 2481 2641 .
2518 2627 2531 2642 .
2579 2579 2760 2642 inco-

604 2663 785 2729 lunt“
832 2666 1189 2732 relativam.
1280 2668 1498 2749 itaque
1546 2669 1658 2732 vix
1704 2666 1832 2731 dici
1878 2666 2117 2749 potuit:
2164 2658 2199 2729 ὁ
2233 2662 2578 2746 κόνβεντος
2620 2663 2762 2725 τῶν

599 2742 934 2830 Ῥωμαίων
978 2752 1111 2814 τῶν
1157 2744 1314 2834 παρ’
1366 2750 1525 2836 ἡμῖν
1554 2748 2079 2815 κατοικούντων“
2127 2771 2268 2816 cum
2318 2751 2429 2814 illo
2474 2748 2759 2831 nomine,

605 2854 676 2900 se
721 2855 902 2901 suam
946 2856 1083 2901 rem
1129 2836 1397 2919 habere;
1444 2838 1584 2919 hac,
1632 2857 1703 2918 se
1749 2838 2067 2919 pertinere
2109 2836 2196 2901 ad
2227 2835 2561 2914 Graecam,
2606 2852 2760 2916 pro-

604 2920 759 2986 fessi
827 2929 1057 2987 essent.
1148 2924 1413 2988 verbum
1460 2924 1572 2988 ubi
1628 2922 1888 2988 additur
1946 2929 2011 2986 et
2072 2922 2304 2987 dicitur
2362 2927 2761 3002 „conventus

602 3006 841 3070 civium
886 3008 998 3088 qui
1043 3056 1057 3071 .
1093 3057 1106 3071 .
1155 3004 1584 3073 habitant“
1645 3006 1963 3090 significat
2018 3013 2399 3072 conventum
2455 3006 2758 3070 vicanum

606 3097 670 3155 et
714 3091 928 3157 locum
983 3094 1143 3158 nulli
1204 3094 1451 3159 civitati
1508 3093 1855 3159 addictum.
1902 3126 1985 3135 —
2040 3112 2134 3157 co.
2184 3111 2326 3158 cum
2383 3111 2498 3174 pro
2545 3090 2761 3153 muni-

604 3176 778 3260 cipio
845 3178 930 3243 sit
983 3184 1195 3265 potest
1252 3180 1686 3263 municipii
1741 3179 1865 3243 ius
1920 3178 2272 3259 assequi.
2363 3175 2485 3241 hoc
2541 3184 2760 3239 tamen

604 3261 687 3326 de
717 3263 872 3328 solis
904 3265 1149 3330 vicanis
1182 3267 1602 3332 conventibus
1633 3264 1999 3347 dicendum,
2046 3284 2187 3328 cum
2222 3261 2563 3327 conventui
2596 3260 2757 3325 civi-

604 3347 755 3413 tatis
822 3347 890 3413 id
959 3356 1056 3414 est
1125 3351 1481 3416 incolarum
1544 3350 1820 3432 collegio
1878 3354 2159 3430 nequeat
2212 3348 2310 3411 ius
2367 3346 2759 3427 municipale

604 3431 747 3496 dari
791 3434 909 3499 sed
966 3433 1152 3501 detur
1211 3437 1457 3502 civitati
1515 3437 1607 3501 ita
1662 3443 1732 3500 ut
1788 3435 1919 3499 iam
1977 3434 2397 3500 consistentes
2457 3433 2633 3497 cives
2678 3430 2754 3495 R.

605 3537 747 3582 cum
805 3518 1071 3586 Graecis
1128 3521 1213 3585 ad
1267 3522 1683 3604 municipium
1743 3528 1988 3585 coeant.
2081 3521 2346 3584 vicanos
2405 3522 2758 3582 conventus

604 3601 690 3666 ad
735 3605 1190 3689 municipalem
1234 3613 1466 3674 statum
1513 3612 1836 3689 promotos
1890 3606 2056 3669 infra
2110 3604 2220 3668 ubi
2267 3601 2391 3684 „de
2435 3607 2757 3665 conventu

604 3685 876 3753 vicano“
921 3692 1297 3772 singillatim
1327 3692 1661 3772 disseram,
1710 3692 2116 3756 enumerabo,
2188 3687 2561 3772 provinciae
2606 3705 2752 3756 con·

606 3780 833 3840 ventus
864 3784 935 3841 ut
964 3778 1183 3857 „cives
1215 3779 1290 3843 R.
1323 3827 1336 3842 .
1366 3826 1381 3839 .
1416 3778 1527 3859 qui
1558 3779 1624 3841 in
1650 3777 1881 3843 Raetia
1910 3776 2233 3841 consistun
2265 3770 2301 3802 “
2333 3772 2757 3854 municipium

511 3939 515 3943 ,
604 3868 1032 3927 consentaneo
1077 3861 1217 3928 fieri
1261 3868 1588 3944 nequeunt
1631 3862 2002 3927 nec-minus
2039 3859 2375 3943 probabile
2423 3864 2520 3922 est
2561 3876 2756 3941 posse

605 3962 714 4010 eos
747 3949 1153 4031 συνοικισμῷ
1198 3949 1418 4030 aliquo
1450 3945 1741 4012 contrahi
1785 3948 1850 4010 in
1882 3966 2076 4011 unum
2121 3965 2156 4011 e
2189 3944 2350 4009 vicis
2379 3943 2755 4025 provinciae

603 4029 732 4093 iam
789 4031 875 4095 ad
930 4034 1258 4118 municipii
1317 4035 1416 4098 ius
1474 4039 1751 4098 auctum.
1842 4031 1956 4097 sed
2002 4032 2095 4096 ita
2149 4049 2251 4095 res
2297 4047 2365 4095 se
2412 4026 2640 4108 habet,
2687 4040 2758 4092 ut

602 4116 953 4199 municipio
985 4122 1328 4184 constituto
1376 4120 1439 4182 in
1475 4118 1705 4183 Raetia
1736 4124 2088 4183 conventus
2120 4116 2405 4181 sublatus
2453 4133 2594 4179 esse
2638 4133 2756 4196 pu-
